2864 5002
782 325 822 382 bo

114 528 118 537 '
225 533 321 605 erant,
356 527 500 612 voeabula.
525 533 559 587 eri
585 526 683 587 multis
711 527 790 586 nulla
818 545 881 586 esse
910 531 1056 586 reservata
1084 525 1139 584 nisi
1166 525 1223 586 duo
1253 525 1384 602 epitheta

225 651 298 710 quae
319 636 457 694 vocantur
484 631 615 691 ornantis
636 624 754 699 θνητοῖς
781 635 810 689 et
830 612 996 709 λυοιμελης.
1040 626 1137 706 Atque
1159 627 1245 688 etiam
1266 626 1383 702 longius

224 737 255 795 in
278 733 504 813 breviloquentia
525 751 693 811 progressus
715 733 886 811 procedente
907 738 1034 808 tempore
1054 730 1124 790 talia
1139 730 1250 790 videtur
1264 732 1384 791 omnino

223 837 372 898 abiecisse.
414 837 486 897 Nam
515 836 626 895 adiecta
653 853 728 913 quae
754 835 871 895 suntin
892 834 927 894 fr.
947 838 976 895 l:
1006 830 1110 916 ἐρατόν
1132 820 1236 916 δῶρον,
1259 839 1292 894 4:
1328 853 1382 893 πο·

223 937 365 999 λύστόνον
387 940 470 1021 ἔργον
493 942 523 998 οί
544 925 686 996 δεσπόται
708 924 904 1019 δουμίκλυτοι,
929 941 983 997 ll:
1006 936 1110 1006 πολιῆς
1134 932 1205 1005 ἁλός
1226 943 1255 997 et
1275 935 1384 1021 γλυκε-

225 1039 272 1127 ρόν
293 1039 419 1117 νόστον,
435 1045 486 1103 17:
513 1035 642 1122 ὑψηλοὺς
657 1037 765 1116 κίονας,
789 1043 842 1100 54:
867 1035 960 1117 βαθὺς
980 1035 1097 1117 πόντος,
1121 1042 1174 1101 97ι
1198 1034 1333 1109 κόλωνος
1355 1038 1383 1096 ό

223 1139 426 1230 τρυγηφάγου,
450 1163 484 1204 ea
506 1144 541 1204 da
562 1144 705 1203 industria
726 1144 822 1219 posita
843 1148 911 1221 puto
933 1148 962 1203 et
982 1129 1097 1221 propria
1112 1143 1140 1202 vi
1153 1143 1382 1220 interpretanda,

223 1250 264 1309 ita
289 1253 323 1308 ut
348 1247 461 1324 singula
489 1253 600 1307 tantum
627 1251 739 1323 praeter
765 1246 821 1306 duo
851 1245 934 1323 modo
963 1246 1110 1304 nominata
1130 1245 1331 1324 relinquantur
1350 1247 1382 1306 in

224 1351 310 1428 elegis
336 1350 370 1411 fr.
392 1355 423 1412 5:
452 1347 525 1420 θοῆς
547 1344 629 1424 νηός,
664 1353 697 1409 6:
722 1350 803 1418 ἔντος
830 1345 1009 1432 ἀμώμητον,
1039 1352 1067 1423 9,
1089 1352 1120 1410 3:
1148 1346 1381 1433 πολυφλοίσβοιο

225 1440 386 1527 θαλάσσης,
408 1454 439 1512 in
454 1453 657 1529 epigrammate
670 1450 689 1510 l.
710 1454 759 1512 18:
783 1436 936 1532 κουριδίων
951 1448 1066 1536 γάμων,
1087 1453 1119 1511 in
1133 1454 1309 1513 tetrametris
1325 1456 1379 1514 56:

225 1553 349 1639 μελαίνῃ
370 1551 455 1638 χθονί
480 1559 509 1614 et
536 1557 588 1615 74:
621 1551 719 1636 πατηρ
742 1547 931 1637 Ὀλυμπίων,
964 1554 995 1613 in
1025 1555 1127 1615 iambis
1148 1561 1244 1615 autem
1267 1562 1381 1634 praeter
1424 1588 1426 1601 =

224 1658 280 1718 duo
308 1658 465 1732 fragmenta
492 1658 585 1733 epioas
613 1675 658 1717 res
684 1662 823 1734 utsupra
849 1656 908 1716 dixi
929 1657 1096 1734 resipientia
1120 1658 1170 1733 (26
1194 1663 1222 1718 et
1244 1657 1297 1736 48)
1320 1678 1381 1719 om·
1424 1644 1426 1663 ¹

223 1759 406 1820 ninonulla.
451 1760 580 1838 Denique
607 1760 842 1836 epigrammatum
863 1758 966 1836 legem,
994 1778 1080 1838 qoam
1102 1779 1176 1820 nuno
1197 1762 1228 1820 in
1251 1781 1284 1822 eo
1306 1763 1380 1840 posi-

186 1919 189 1924 .
224 1851 281 1923 tam
305 1869 453 1940 putamus,
481 1870 513 1922 ut
536 1865 739 1923 sententiarum
768 1861 859 1922 aoulei
884 1861 1057 1926 informem
1079 1863 1245 1941 redigantur
1266 1865 1381 1925 brevem

224 1972 252 2026 et
272 1966 378 2042 legenti
400 1965 445 2025 vel
466 1966 593 2025 audienti
615 1984 717 2025 novam
739 1970 825 2043 atque
847 1966 1032 2042 inopinatam,
1054 1967 1089 2026 Α.
1107 1968 1217 2045 primus
1240 1967 1284 2026 vel
1306 1968 1381 2028 inter

223 2069 331 2146 primos
356 2068 460 2127 iudicio
485 2069 553 2127 artis
579 2067 661 2145 quasi
684 2067 784 2127 innato
809 2067 911 2128 duetus
936 2068 1113 2143 observavit,
1146 2088 1203 2149 qua
1231 2069 1266 2129 de
1293 2088 1381 2130 cansa

224 2171 282 2231 tria
302 2175 414 2230 tontum
437 2171 496 2230 eius
519 2170 607 2248 epigr.
622 2169 657 2230 fr.
678 2172 798 2229 17—19
822 2175 934 2230 servata
950 2189 1013 2231 osse
1026 2189 1199 2248 magnopere
1220 2171 1360 2233 dolemus.

308 2269 367 2333 Sed
394 2291 463 2333 aava
488 2291 526 2332 ne
552 2271 625 2332 nihil
650 2277 763 2350 poetam
794 2273 969 2350 spectavisse
995 2279 1078 2352 putes
1099 2274 1156 2333 nisi
1176 2275 1380 2352 proprietatem

225 2381 253 2435 et
274 2375 445 2435 brevitatem
467 2375 615 2435 sermonis.
657 2374 748 2434 lmmo
775 2376 800 2434 si
825 2376 886 2435 eius
907 2377 1026 2436 interest
1047 2375 1159 2452 singula
1179 2376 1312 2454 pluribus
1336 2378 1381 2439 de

224 2478 357 2554 seribere,
384 2477 561 2538 admirabilis
583 2482 697 2555 praesto
722 2482 766 2537 est
785 2478 936 2539 verborum
960 2472 1063 2557 dupla.
1082 2522 1089 2537 .
1108 2478 1200 2555 Quam
1221 2484 1255 2539 ut
1276 2492 1379 2558 eogn'o

224 2598 297 2657 scas,
320 2581 470 2642 considera
490 2600 555 2641 oum
578 2581 684 2640 maiora
706 2579 869 2656 fragmenta
891 2584 929 2642 25
953 2587 982 2642 et
1004 2584 1042 2642 58
1059 2586 1097 2658 et,
1121 2583 1151 2642 in
1173 2600 1230 2660 quo
1251 2583 1380 2662 polypto

224 2688 287 2742 tom
313 2684 390 2744 inest
414 2684 450 2744 ab
477 2682 638 2744 Herodiano
664 2683 829 2759 laudatum,
861 2686 898 2744 69
923 2718 964 2728 -
990 2688 1050 2743 tum
1079 2703 1113 2744 ox
1139 2684 1243 2760 glossis
1265 2687 1382 2747 nomina

192 2813 197 2824 ·
224 2786 347 2864 partium
380 2785 560 2846 muliebrium
587 2790 616 2846 et
643 2785 769 2845 virilium
799 2805 877 2846 num.
912 2789 986 2847 156:
1011 2773 1126 2859 άηδών,
1163 2789 1236 2848 165:
1261 2784 1391 2872 μόρτον,.

229 2889 300 2949 16οι
324 2882 434 2971 μόοχον
449 2889 509 2948 sive
525 2882 636 2972 μόοχης
651 2893 680 2948 et
695 2889 749 2949 47:
774 2884 876 2971 μόκης,
894 2891 949 2949 97:
974 2884 1062 2964 τάθη,
1080 2892 1155 2951 136:
1173 2895 1254 2974 φῦμα
1270 2887 1381 2976 μηρίων

225 2979 348 3075 μεταξό,
374 2991 445 3052 138:
474 2975 574 3073 μέδεα,
601 2993 672 3051 172:
697 2987 814 3050 ἁπαλόν
836 2987 930 3074 κέρας,
957 2994 1029 3052 101:
1052 2989 1162 3076 ουφλαὶ
1185 2986 1332 3078 ἐγχέλυες.

196 3117 202 3127 ·
307 3093 368 3154 Neo
394 3093 499 3154 desunt
525 3094 646 3172 denique
674 3087 788 3154 lumina
810 3093 939 3171 dicendi,
961 3095 1038 3154 unde
1059 3095 1141 3155 multi
1164 3113 1268 3156 versus
1289 3101 1383 3157 traxe

224 3202 292 3257 runt
313 3201 444 3256 ornatum
467 3197 609 3276 quendam
636 3202 664 3256 et
686 3197 812 3258 colorem
835 3198 953 3257 varium.
999 3196 1062 3274 Quo
1082 3199 1114 3257 in
1138 3218 1255 3259 numero
1276 3199 1383 3260 haben-

224 3300 292 3360 dum
312 3304 366 3374 est,
388 3299 466 3376 quod
488 3297 523 3359 A.
538 3301 570 3360 in
590 3298 626 3359 fr.
643 3302 681 3360 66
704 3319 787 3360 suum
809 3300 938 3381 animum
958 3301 1021 3378 ipse
1039 3301 1191 3379 compellat
1205 3306 1234 3362 et
1247 3303 1278 3360 in
1292 3301 1328 3361 fr.
1342 3306 1382 3364 57

224 3404 395 3481 apostrophe
423 3421 492 3462 usus
513 3396 624 3463 Musam
651 3402 806 3482 alloquitur
831 3407 999 3481 monetque,
1026 3407 1058 3463 ut
1079 3406 1234 3482 castigetur
1256 3403 1383 3466 Glaucus

225 3504 376 3566 trossulus.
420 3504 529 3567 Deinde
550 3504 683 3565 illusione
704 3505 782 3565 faeta
803 3505 837 3565 fr.
856 3509 889 3565 3:
914 3493 995 3578 μᾶζα
1017 3501 1192 3591 μεμαγμένη
1215 3508 1384 3583 periodum

225 3608 378 3668 admodum
405 3613 544 3669 consonat
571 3627 636 3668 oum
657 3607 752 3668 verbis
775 3601 857 3690 μάχη
880 3603 1075 3692 μεμαχημίνη
1098 3615 1126 3669 et
1146 3609 1181 3669 fr.
1200 3609 1284 3670 152:
1298 3602 1386 3693 Kolp-

224 3706 320 3780 παθος
340 3698 391 3768 τόν
414 3704 547 3793 μάρτυρα
568 3729 632 3769 oum
647 3710 796 3788 proverbio
817 3703 992 3792 Καρπάθιος
1013 3706 1197 3796 τόνελαγών.
1242 3711 1316 3772 Tum
1337 3713 1384 3773 in-

224 3813 377 3874 veniuntur
402 3812 578 3889 singularum
603 3831 706 3873 vooum
734 3813 937 3874 translationes
964 3815 999 3874 ir.
1018 3817 1051 3874 7:
1080 3801 1173 3884 ξείνια
1197 3801 1383 3898 χαρίζεσθαι,

227 3917 307 3990 9‚-8:
335 3910 477 4000 αἱματόεν
500 3909 594 3991 ἑλκος,
619 3919 672 3976 23:
696 3909 838 3998 κυμάτων
861 3914 890 3976 ὲν
906 3913 1062 4002 ἀγκάλαις,
1087 3915 1143 3979 17:
1167 3909 1273 3999 ὑψηλοὶ
1288 3913 1385 3990 κίονες

225 4003 337 4094 Νάξου,
371 4021 428 4079 53:
452 4012 611 4078 Ταντάλου
633 4013 730 4093 λίθος,
765 4021 819 4079 66ι
842 4015 1026 4104 κυκώμενος,
1060 4024 1115 4082 84:
1137 4015 1324 4105 πεπαρμένος
1347 4007 1385 4081 δι’

227 4113 354 4196 ὀστέων,
388 4124 440 4182 77:
469 4126 697 4204 ουγκεραυνοῢν,
733 4123 805 4182 143:
832 4115 958 4206 τέττιγα
980 4121 1104 4204 εἴληφας
1124 4128 1243 4205 πτεροῦ.
1289 4121 1384 4186 Simili

190 4287 193 4293 ⁴
226 4222 383 4281 sententiae
406 4225 560 4283 mutatione
575 4223 774 4282 memorandae
789 4228 857 4282 sunt
870 4225 1045 4283 inversiones
1061 4218 1266 4309 (ἀλληγορίαι)
1282 4225 1318 4286 ir.
1332 4224 1384 4304 54,

228 4339 283 4398 qno
305 4322 340 4382 Α.
355 4328 426 4383 teste
448 4324 559 4384 Heraol.
574 4325 658 4386 Pont.
675 4326 756 4403 alleg.
772 4328 849 4387 hom.
866 4346 890 4388 ο.
907 4331 925 4388 5
955 4324 1008 4387 τόν
1032 4323 1164 4412 πόλεμον
1192 4316 1304 4401 εἰκάζει
1325 4324 1383 4390 θα-

228 4422 341 4503 λαττίῳ
369 4413 510 4502 κλύδωνι,
538 4433 566 4488 et
587 4428 621 4490 fr.
638 4432 692 4490 93:
721 4423 770 4509 Τῇ
799 4423 852 4514 μὲν
881 4419 960 4512 ὕδωρ
989 4425 1086 4513 ἐφόρει
1108 4475 1140 4490 ..
1163 4426 1246 4515 χειρί,
1272 4426 1384 4518 τήτέρῃ
