2864 5002
696 351 732 407 14

130 552 198 613 1444
219 557 249 612 44
268 552 397 630 perdere.
441 551 488 612 Fr.
517 551 570 611 94:
609 551 711 626 „Pater
731 549 911 630 Lycamba‚“
934 551 1041 629 inquit,
1074 555 1187 623 „mente
1211 549 1295 625 prius

130 655 264 732 insignis,
297 674 375 715 nunc
396 658 492 732 44444,
526 654 595 732 quid
626 654 741 714 dixisti?
792 652 907 729 Quanto
937 655 1060 715 ludibrio
1088 672 1118 712 es
1147 648 1293 712 civibus“!

26 817 35 845 ‚¹
81 833 86 845 .
131 745 897 822 14414414441441444444-4444141444-τό
928 742 1138 840 περίᾳδόμενσν
1161 758 1295 835 σκῶμμα

130 859 268 938 explendo
290 861 408 936 cogitari
431 878 514 936 posse
536 858 825 919 14441411444414444
847 861 877 919 14
899 861 977 922 misc.
1003 859 1072 937 phil.
1090 859 1102 919 Ι
1123 877 1151 935 p.
1178 862 1293 935 lsequ.

133 994 168 1006 ·-
193 962 274 1023 haud
295 961 376 1022 aliter
396 962 467 1032 14414
490 979 522 1020 44
545 961 629 1021 simia
650 961 709 1036 illa,
732 981 806 1040 quae
829 981 893 1023 cum
916 961 1001 1040 vulpe
1022 961 1188 1040 colloquens
1212 978 1294 1019 suam

130 1065 308 1127 nobilitatem
330 1065 417 1124 iactet
439 1057 486 1143 (14.
512 1066 550 1125 89
571 1085 606 1116 00
624 1064 738 1124 fabulae
761 1067 892 1143 aesopiae
915 1069 953 1124 43
977 1065 1008 1123 in
1030 1064 1152 1124 editione
1174 1062 1294 1138 Halmii,

130 1170 180 1230 ubi
208 1167 313 1245 duplex
339 1171 433 1228 exstat
457 1162 611 1245 recensio).
655 1165 733 1226 Cave
762 1186 798 1227 ne
826 1167 958 1228 similiter
984 1167 1067 1226 istius
1089 1166 1239 1243 superbiae
1266 1170 1295 1224 te

132 1273 241 1349 pudeat
263 1289 296 1331 ac
318 1270 447 1346 simiam,
481 1287 555 1347 quae
583 1269 670 1328 stulta
692 1287 710 1329 4
731 1269 815 1347 vulpe
844 1271 874 1329 in
896 1269 1056 1347 decipulam
1085 1264 1220 1328 illicitur“
1247 1265 1295 1345 (1.

132 1377 182 1450 90,
208 1378 277 1449 170,
301 1376 351 1448 91,
376 1375 434 1434 187
459 1371 510 1432 414.
533 1390 598 1433 cum
619 1372 677 1449 144.
702 1376 741 1432 44
765 1373 810 1433 ed.
834 1366 952 1451 llalm.).
988 1372 1090 1432 An-
1105 1371 1295 1431 consideratis

130 1477 246 1538 1444144
272 1477 339 1537 Aes.
368 1475 476 1536 verbis:
511 1465 682 1551 ὦπίθηκε,
715 1471 751 1535 σὺ
780 1462 813 1534 δὲ
840 1471 983 1540 τοιαύτην
1013 1470 1107 1557 ψυχὴν
1136 1475 1212 1557 ἔχων
1233 1478 1295 1532 τῶν

131 1576 251 1665 ἀλόγων
279 1569 363 1651 ζώων
391 1573 643 1656 βασιλεύσεις;
666 1611 707 1621 -
740 1579 816 1639 4444
842 1577 962 1639 alteram
991 1577 1026 1637 de
1055 1578 1139 1637 simia
1160 1587 1189 1637 et
1211 1577 1297 1654 vulpe

132 1682 259 1743 fabulam
283 1701 341 1743 uon
363 1682 398 1743 41
413 1681 587 1760 Lycamben,
611 1682 661 1742 sed
683 1682 720 1741 ad
734 1681 944 1758 imprudentem
966 1680 1058 1755 illum,
1081 1680 1116 1740 de
1138 1700 1194 1758 quo
1210 1700 1300 1759 supra

131 1786 238 1847 dictum
262 1791 316 1862 est,
339 1786 497 1863 principem
519 1786 697 1846 referamus?
741 1784 944 1844 Buchholtzius
972 1784 1002 1843 in
1031 1784 1102 1843 hlus.
1125 1783 1215 1844 Rhen.
1241 1784 1296 1844 vol.

133 1892 183 1959 28,
209 1888 299 1965 1873,
323 1908 350 1966 p.
378 1891 552 1949 176-179
581 1907 668 1947 unum
700 1906 763 1947 esse
791 1886 944 1965 apologum
971 1888 1073 1947 statuit
1098 1892 1184 1965 atque
1211 1889 1299 1947 etiam

131 1993 247 2055 tertium
275 1992 309 2052 ir.
335 1994 372 2053 89
395 2004 514 2052 versum·
531 1992 607 2051 hanc
633 1992 664 2050 14
686 1992 859 2051 seutentiam
881 1990 986 2066 corrigi
1012 2008 1096 2067 posse
1119 1995 1231 2065 censet,
1267 1995 1302 2049 ut

133 2088 282 2172 legatur:'
652 2160 654 2163 .
695 2141 697 2145 .

304 2191 430 2265 πίθηκος
452 2192 498 2276 ᾔει
521 2191 630 2275 θηρίων
654 2191 767 2279 ἀρχὰς
790 2191 897 2277 κριθείς
919 2192 983 2273 (444
1005 2194 1125 2277 ἀποκρ.)

131 2299 270 2378 Equidem
293 2299 349 2360 hoc
370 2300 498 2377 accipere
520 2299 623 2374 nolim,
651 2299 787 2377 quoniam
814 2297 869 2357 alia
893 2306 970 2359 44444
1000 2298 1097 2359 144414
1119 2294 1177 2375 (44.
1201 2297 1300 2360 Halm.

133 2421 252 2462 numero
275 2398 317 2478 5.)
359 2402 523 2480 Lycamben
546 2403 648 2462 iterum
673 2403 731 2479 peti
753 2401 836 2461 14444
857 2401 993 2462 Ρ4114444.
1017 2403 1065 2462 im.
1088 2400 1110 2475 1,
1134 2402 1152 2459 3
1177 2422 1205 2479 p.
1227 2403 1300 2462 766.

132 2506 211 2566 Haec
238 2509 284 2565 444
309 2504 407 2565 fabula
434 2504 469 2564 de
497 2505 592 2583 aquila
622 2510 651 2565 et
672 2504 774 2584 vulpe,
810 2522 883 2582 quae
905 2507 1068 2566 societatem
1090 2505 1233 2578 inierunt,
1267 2510 1302 2564 ut

114 2609 221 2668 vitam
239 2609 319 2687 ‚inter
340 2626 371 2666 se
392 2606 576 2667 sublevarent
603 2605 648 2682 (14.
673 2602 734 2684 86).
779 2608 886 2685 Aquila
916 2606 1064 2667 4441114444
1086 2607 1204 2667 robusta
1233 2607 1300 2692 (με-

133 2707 291 2796 λάμπυγος
304 2709 340 2769 14.
359 2702 432 2790 110)
454 2710 538 2770 fidem
563 2709 664 2783 violat;
687 2709 743 2769 vid.
768 2708 802 2768 14.
827 2712 879 2770 384
905 2707 1035 2785 „Liberis
1057 2709 1303 2787 1444444444414

131 2810 295 2874 luctuosas“
324 2836 366 2862 =
392 2808 432 2870 τοὶ
460 2807 635 2897 γεννήματα
663 2817 717 2881 τῆς
745 2806 902 2880 ἀλώπεκος
934 2806 1105 2892 ἀναρπάσας
1132 2808 1210 2892 μετὰ
1238 2810 1300 2870 τῶν

135 2914 243 2975 ἑαυτοῦ
271 2920 400 2974 νεοττῶν
428 2903 675 2981 κατέθοινήσατο.
719 2913 855 2973 Iniuriam
885 2915 976 2974 hostis
998 2915 1028 2973 in
1057 2915 1146 2975 ardua
1169 2920 1198 2974 et
1218 2934 1300 2993 4444-

132 3023 217 3095 rupte
240 3018 307 3078 sede
329 3035 446 3077 securae
471 3016 515 3091 (fr.
541 3015 590 3089 81(
614 3016 764 3093 vulpecula
787 3017 895 3077 viribus
924 3017 1024 3077 debilis
1053 3013 1188 3100 (χερσαῖα
1211 3007 1299 3098 οὖσα)

134 3121 202 3199 quia
222 3140 281 3181 non
303 3126 399 3198 potest
412 3119 521 3194 ulcisci,
543 3118 612 3178 diris
627 3119 760 3192 devovet3
782 3119 817 3179 fr.
835 3123 874 3180 88
889 3142 931 3168 =
946 3125 990 3194 τῷ
1014 3114 1110 3200 ἐχθρῷ
1134 3125 1298 3201 scrupeae.

132 3223 171 3284 m
190 3223 262 3283 deus
284 3222 425 3283 exauditis
447 3227 594 3300 tamquam
618 3220 783 3298 vulpeculae
806 3222 938 3299 precibus
959 3223 990 3282 in
1013 3221 1137 3299 aquilam
1159 3223 1300 3299 perfidam

134 3325 260 3386 consulit
279 3325 462 3402 gravissime3
486 3325 541 3384 vid.
558 3323 591 3384 14.
613 3327 688 3385 1164
714 3324 859 3400 „scintilla
881 3330 976 3385 autem
994 3369 1001 3383 .
1019 3371 1026 3385 .
1044 3371 1050 3385 .
1066 3325 1141 3401 ignis
1163 3321 1243 3384 erat“
1258 3324 1307 3379 :³

134 3429 292 3511 ἔμπυρον
316 3423 488 3510 σπλάγχνον
511 3424 569 3486 ἀπὸ
595 3433 650 3487 τοῦ
673 3424 776 3508 βωμοῦ
799 3424 968 3513 ἀνήνεγκεν.
1004 3428 1191 3505 (1444444444
1214 3427 1301 3504 igilur

133 3530 294 3608 nidoopulli
317 3530 453 3591 decidunt
475 3532 554 3590 humi
582 3536 611 3591 et
638 3549 655 3590 4
677 3530 762 3608 vulpe
783 3530 965 3590 devorantur.
1010 3530 1126 3590 Praeter
1154 3531 1301 3592 4441444

134 3633 179 3694 vel
194 3639 253 3694 tres
267 3632 416 3693 fabulas
431 3632 555 3703 dilucide
577 3633 721 3711 expositas
736 3632 800 3692 41114
816 3633 902 3692 etiam
918 3628 1120 3693 Archilochum
1137 3652 1221 3693 usum
1236 3652 1301 3694 esse

133 3735 273 3812 Bergkius
295 3735 341 3795 ad.
363 3734 399 3795 14.
424 3738 462 3796 86
490 3735 653 3796 testimonio
686 3735 810 3797 affirmat
837 3735 948 3812 Iuliani,
972 3736 1086 3814 quior.
1109 3735 1168 3811 Vll,
1185 3734 1245 3795 117
1259 3738 1300 3797 A:

132 3834 225 3908 πολὺς
254 3823 287 3903 δὲ
314 3838 409 3916 iuquit
437 3835 466 3896 ὲν
487 3834 619 3913 τούτοις,
650 3837 709 3899 4411.
739 3838 895 3899 14144444
925 3838 1054 3899 4141144
1080 3838 1301 3917 444414444414,

135 3944 150 4001 ὁ
173 3936 281 4026 Παριός
302 3943 365 4001 ἐστι
386 3937 520 4011 ποιητής.
550 3940 587 4002 Ε4
608 3946 765 4019 supersunt
786 3942 873 4001 etiam
896 3943 1025 4018 vestigia,
1049 3960 1123 4020 quae
1145 3946 1179 4000 ut
1199 3960 1302 4002 omnes

134 4045 247 4106 fabulas
270 4043 509 4122 comprehendam
530 4045 578 4105 hic
598 4044 711 4108 adicere
732 4043 812 4119 libet,
835 4044 947 4103 etiamsi
970 4044 1039 4121 quid
1061 4048 1190 4121 spectent
1210 4044 1304 4105 incer

133 4153 195 4207 tum
219 4151 272 4207 est.
304 4146 408 4206 Insunt
429 4133 551 4222 vestigia
572 4147 602 4204 in
624 4146 658 4206 14.
675 4147 714 4205 33
738 4146 773 4206 14
797 4146 868 4206 bove
890 4146 1032 4222 operario,
1055 4146 1133 4224 quod
1154 4145 1300 4208 41114144.

135 4249 222 4309 14441.
253 4249 291 4314 35
314 4249 487 4327 4444441444
514 4254 623 4326 444444,
652 4249 788 4309 441414.
817 4252 872 4308 131
908 4248 943 4327 (14
971 4248 1088 4308 animali
1116 4249 1240 4326 quodam
1272 4251 1303 4309 in

134 4352 227 4412 iecore
259 4346 302 4429 fell
325 4371 383 4412 non
404 4351 529 4411 habente
552 4348 677 4430 (adiab.
697 4352 883 4411 18044183
907 4368 945 4409 44
967 4347 1074 4411 aliam?
1096 4351 1146 4412 cfr.
1162 4351 1197 4411 14.
1217 4353 1302 4428 188),

136 4454 257 4515 fortasse
279 4453 364 4514 etiam
392 4455 423 4514 in
445 4455 479 4515 14.
507 4456 563 4515 131
587 4454 623 4514 14
644 4472 754 4514 summo
776 4453 880 4530 pedum
903 4453 1013 4513 honore
1035 4448 1164 4533 (41144.
1192 4453 1304 4529 1181),
