2874 4988
536 358 736 448 -υ-

58 558 193 618 creticum
226 560 276 637 qni
302 556 386 635 vulgo
419 558 524 619 dicitnr
545 558 709 637 rhythmum
738 557 893 618 similitudo
916 557 1066 617 intercedit
1098 576 1215 635 prorsus

56 658 146 719 nulla.
189 659 290 740 Itaque
316 660 431 737 Berglrii
457 661 654 738 interpretatio
688 658 861 739 Quamquam
889 658 1020 737 pluribus
1051 660 1215 719 nominibus

56 761 158 839 placet,
180 768 275 823 tamen
298 762 463 840 accipienda
483 782 542 823 non
564 763 683 822 videtur.
718 761 787 822 Mihi
811 764 870 822 eius
892 763 1011 837 vestigia
1032 769 1141 835 secuto,
1164 761 1215 821 sed

57 864 273 926 difficultatibus
289 866 467 926 obstantibus
488 867 595 926 reiecto
610 846 682 926 ratio
704 865 734 925 in
756 869 880 926 mentem
903 865 1027 926 occurrit
1038 864 1216 940 Bergkianae

33 969 209 1043 ‚contraria
231 987 289 1046 qna
310 969 364 1030 toti
384 968 528 1028 Plutarchi
548 968 612 1028 loco
634 961 668 1028 B'
690 967 798 1028 mederi
820 986 907 1046 posse
930 967 1001 1027 mihi
1021 967 1126 1026 videor.

140 1069 339 1130 Aristoxenum
362 1089 396 1130 ex
416 1071 479 1132 loco
501 1070 621 1131 Keilian.
644 1061 719 1130 anal.
743 1089 766 1129 s.
781 1069 801 1129 l.
825 1055 1009 1153 (θιτροχαῒος
1023 1115 1029 1128 .
1043 1115 1050 1129 .
1065 1061 1160 1136 ,τινὲς
1184 1053 1217 1124 θὲ

56 1167 148 1230 αὐτόν
171 1170 220 1232 καὶ
242 1167 434 1256 παράλληλον
456 1169 601 1258 λέγουσιν,
624 1168 715 1258 ἤγουν
738 1168 917 1252 κρητικόν
945 1155 1026 1230 κοντοὶ
1048 1157 1217 1254 Ἀριστόξε-

57 1271 120 1352 νον)
143 1276 278 1336 creticum
301 1277 416 1354 propria
438 1277 466 1335 vi
487 1294 668 1354 nuncupasse
690 1281 811 1336 constat.
855 1274 968 1334 Fecisse
989 1275 1044 1334 hoc
1067 1292 1131 1334 eum
1154 1290 1218 1350 pro·

57 1377 152 1438 babile
178 1384 223 1439 est
250 1380 311 1439 eius
334 1380 480 1440 doctrinae
501 1397 672 1453 memorem,
705 1396 762 1456 qua
791 1373 886 1435 ἐνίοτε
908 1374 959 1434 καὶ
982 1373 1016 1434 τό
1039 1372 1112 1434 αὐτό
1135 1369 1217 1459 γένος

58 1476 93 1537 τό
124 1478 197 1538 αὐτὸ
227 1476 359 1566 μέγεθος·
376 1475 537 1550 ἀσόνθετόν
565 1499 599 1538 τε
629 1478 680 1538 καὶ
703 1476 844 1538 σύνθετον
865 1487 944 1538 ποιεῖ
966 1473 985 1557 [,
1009 1477 1042 1536 οὐ
1066 1472 1166 1559 μέντοι
1189 1473 1219 1534 ἐν

56 1587 100 1658 τῷ
117 1582 200 1660 αὐτῷ
215 1579 300 1659 τόπῳ
315 1589 369 1659 τοῦ
385 1579 594 1665 συστόρσςτοςί.
628 1581 693 1644 vid.
709 1582 809 1658 fragm.
826 1583 950 1660 rhythm.
966 1582 995 1640 in
1011 1580 1131 1658 append.
1148 1579 1220 1639 hlar·

57 1685 158 1762 quard.
183 1686 250 1744 edit.
274 1685 360 1747 elem.
382 1686 472 1746 barm
503 1705 530 1762 p.
554 1687 625 1746 412.
670 1683 750 1759 Quae
779 1678 909 1745 doctrina
936 1683 1156 1759 diligentissime
1178 1682 1219 1740 vi-

58 1787 141 1847 detur
174 1788 336 1865 separanda
367 1807 432 1849 esse
458 1788 494 1848 ab
521 1787 571 1862 iis,
604 1807 677 1866 quae
705 1787 792 1848 Arist.
817 1785 912 1861 Quint.
943 1805 969 1862 p.
995 1789 1033 1846 34
1057 1784 1095 1846 Μ.
1118 1785 1219 1844 habet:

57 1888 151 1948 ἁπλοῖ
175 1884 228 1972 μὲν
254 1886 311 1974 γάρ
341 1891 411 1948 εἰσιν
441 1887 513 1968 (scil.
540 1896 602 1949 τῶν
623 1875 735 1966 ποθῶν)
760 1888 786 1947 οἱ
809 1889 848 1958 εἰς
865 1884 984 1972 χρόνους
1007 1876 1217 1969 διαιρούμενοι·

57 1986 194 2051 σύνθετοι
228 1979 262 2052 bd
294 1993 321 2052 bi
348 1991 399 2052 καὶ
427 1994 467 2062 τίς
494 1980 588 2062 πόθοις
617 1987 821 2069 ἀναλυόμενοι.
867 1988 1029 2051 Secundum
1058 1989 1221 2050 Aristoxeni

57 2096 228 2155 sententiam
254 2095 285 2154 in
311 2095 401 2156 schol.
421 2095 513 2172 Heph.
537 2095 636 2155 eodem
663 2095 757 2154 cretici
783 2096 898 2152 nomine
924 2092 1105 2171 appellantur
1126 2097 1220 2151 metra

56 2196 185 2257 diversa:
261 2217 289 2274 p.
316 2201 370 2256 171
398 2196 486 2258 Gaisl.
509 2197 701 2274 amphimacer
721 2248 748 2257 -
761 2241 786 2259 2
798 2243 839 2272 -,

258 2318 287 2377 p.
313 2301 371 2359 173
393 2319 486 2378 paeon
509 2300 650 2361 secundus
673 2296 841 2383 συμβλητός
864 2343 890 2362 ν
903 2349 928 2355 -
942 2344 964 2360 c
980 2343 1016 2373 c,
1051 2381 1053 2385 Ι

300 2402 338 2463 ib.
389 2421 481 2480 paeon
503 2409 622 2482 quartus
644 2396 882 2484 ὑπορχηματικός
897 2444 1046 2464 „„„„„

162 2509 247 2582 atque
269 2506 366 2580 eham,
388 2505 424 2564 de
446 2524 502 2583 qno
525 2506 572 2564 hic
594 2506 695 2580 agitur,
719 2504 900 2564 ditrochaeus
925 2554 951 2560 -
965 2549 988 2564 ,
1003 2550 1028 2556 -
1041 2548 1076 2564 υ.

58 2605 103 2666 Ex
130 2606 234 2684 quibus
261 2608 448 2684 amphimacri
475 2614 520 2668 est
546 2604 647 2691 χρόνος
677 2601 852 2679 ἀσόνθετος,
886 2612 1044 2666 ceterorum
1073 2597 1221 2678 σύνθετος,

60 2709 111 2787 qni
133 2709 264 2785 efficitur,
287 2704 339 2768 ἐὰν
361 2704 397 2768 τό
419 2705 493 2768 αὐτὰ
516 2702 644 2792 μέγεθος
665 2704 721 2766 dud
743 2704 887 2766 πλειόνων
910 2701 1052 2792 φθόγγων
1075 2698 1094 2772 ἢ
1116 2692 1224 2774 ξυλλα-

62 2808 125 2889 βῶν
148 2804 167 2877 λ
191 2807 318 2894 σημείων
340 2807 626 2894 καταληφθῇ..θὶό.
640 2809 673 2888 ir.
696 2810 822 2887 rhythm.
846 2809 969 2871 Ariston.
992 2830 1020 2888 p.
1038 2810 1108 2871 411.
1140 2807 1222 2868 Atta-

60 2932 128 2973 men
150 2913 207 2973 alia
229 2918 274 2974 est
294 2914 366 2974 ratio
388 2932 530 2992 paeonum
553 2913 650 2973 cretici
672 2913 857 2988 vicariorum,
888 2909 946 2972 alia
968 2913 1136 2973 ditrochaei.
1180 2911 1225 2972 Ibi

65 3017 142 3075 enim
171 3016 243 3076 nihil
270 3017 302 3077 lit
323 3017 399 3077 aliud
422 3036 507 3096 quam
534 3015 620 3091 longa
642 3014 751 3094 syllaba
778 3016 807 3074 in
835 3034 902 3075 suas
925 3035 1003 3075 arses
1033 3016 1104 3075 duas
1127 3012 1225 3072 dissol-

27 3176 30 3182 .
62 3120 148 3192 uitur,
171 3119 218 3178 hic
240 3120 332 3180 rarior
354 3100 425 3197 opus
452 3125 496 3179 est
517 3136 651 3177 mensura
673 3117 846 3177 irrationalis
876 3118 1027 3194 diligenter
1049 3115 1225 3178 secernenda

65 3220 103 3279 ab
126 3219 210 3281 solita
230 3223 431 3283 trochaeorum
453 3217 563 3305 ἀλογίᾳ
586 3213 626 3301 (ν.
643 3219 677 3280 fr.
699 3221 833 3314 rhythm.
849 3219 973 3280 Ariston.
997 3241 1025 3298 p.
1043 3221 1113 3293 413,
1136 3217 1222 3277 Arist.

67 3322 127 3398 Qu.
137 3343 167 3402 p.
184 3322 247 3400 39),
260 3337 333 3402 qnae
344 3325 403 3385 arsi
416 3343 474 3383 non
486 3329 596 3384 mutata
606 3323 702 3382 thesin
715 3322 752 3382 ad
763 3324 885 3382 mediam
899 3324 1042 3401 quandam
1053 3325 1128 3382 inter
1140 3340 1225 3381 unam

65 3430 95 3485 et
124 3425 195 3485 duas
223 3446 317 3486 moras
339 3428 527 3504 quantitatem
556 3431 648 3501 auget.
694 3427 774 3486 Nova
797 3421 906 3509 ἀλογία
934 3426 982 3486 hic
1011 3426 1161 3514 statuenda
1184 3429 1228 3485 est

64 3528 127 3605 ille,
151 3549 223 3607 quae
246 3528 364 3590 alterum
389 3530 521 3606 dipodiae
544 3529 710 3589 trochaeum
733 3528 768 3588 ad
791 3535 903 3604 tempus
924 3529 1018 3588 minus
1033 3530 1119 3588 trium
1135 3546 1227 3589 mora·

64 3652 129 3692 rum
156 3637 272 3692 revocat
304 3632 422 3709 perdnde
448 3650 481 3692 ae
507 3649 642 3692 mensura
668 3630 842 3690 irrationalis
870 3630 991 3709 cyclicus
1018 3632 1104 3692 efficit
1133 3632 1227 3690 minus

65 3739 202 3813 quattuor
230 3752 373 3794 morarum
401 3733 529 3812 dactylos
558 3729 632 3813 (Ἰν
652 3753 704 3812 pro
726 3762 784 3778 -υ
804 3731 883 3792 velut
903 3765 928 3813 -,
942 3761 966 3775 ν
979 3761 1005 3776 v
1026 3753 1082 3812 pro*
1100 3769 1126 3775 -
1139 3762 1164 3780 υ
1178 3727 1226 3813 υ).
1246 3781 1248 3787 .

65 3836 128 3898 Hac
156 3854 293 3897 mensura
319 3837 478 3897 constitute
501 3837 629 3897 confusio
653 3837 821 3897 ereticorum
843 3840 872 3896 et
894 3836 1122 3899 ditrochaeorum
1144 3857 1229 3916 saepe

66 3941 185 4000 inventa
205 3939 318 4003 facilins
340 3940 515 4017 intellegitur
536 3958 621 4018 quam
644 3939 790 3999 Heliodori
812 3938 943 4000 doctrina
965 3959 1010 4019 ap.
1030 3940 1118 4001 schol.
1135 3940 1226 4019 Heph.

64 4063 95 4122 p.
123 4045 178 4102 197
205 4048 368 4118 memorata,
392 4062 449 4122 qua
471 4043 544 4103 effici
567 4042 735 4102 ereticorum
758 4044 857 4103 statuit
879 4030 1042 4126 ἑξασήμους
1061 4039 1115 4113 τοὶς
1131 4040 1229 4121 βάσεις

63 4141 118 4203 καὶ
142 4144 283 4225 ἰσομερεῖς
305 4144 345 4211 ὡς
365 4138 420 4212 τοὶς
442 4138 545 4215 ἄλλας.
596 4142 734 4204 Similiter
755 4145 860 4207 Christ.
884 4151 965 4205 metr.
988 4165 1016 4223 p.
1040 4141 1109 4205 421.
1148 4144 1230 4207 Gete-

62 4264 131 4308 rum
164 4247 250 4307 etiam
285 4266 329 4323 ap.
360 4246 507 4307 Aristiden
541 4245 639 4321 Quint.
672 4265 701 4323 p.
725 4248 763 4307 39
796 4247 928 4324 princeps
961 4265 995 4306 ex
1026 4247 1147 4324 pedibus
1181 4267 1230 4307 sex

63 4349 163 4410 mixtis
186 4354 230 4409 est
251 4343 400 4432 κρητικός,
423 4341 454 4417 ὃς
476 4343 652 4414 συνέστηκεν
675 4347 710 4407 ἐκ
731 4345 870 4432 τροχαίου
893 4343 1002 4418 θέσεως
1024 4346 1074 4406 καὶ
1089 4346 1229 4433 τροχαίου

64 4445 188 4536 ἄρσεως.

1012 4547 1029 4602 4
