2864 5002
539 363 741 461 Δ...-

58 562 149 650 ρόρου
163 563 223 633 ,καὶ
243 571 297 625 τοῦ
319 562 460 651 τυχόντος
483 562 667 647 στρατιώτου
691 561 789 649 μοίρᾳ,
800 585 840 624 ν.
858 565 945 626 schol.
962 565 1000 624 ad
1015 565 1033 624 J
1050 567 1221 644 arnapa.

50 664 93 729 ir.
111 671 159 731 24.
204 669 355 730 Praeterea
385 668 517 747 permulti
545 673 614 728 sunt
640 667 711 744 loci,
745 666 850 745 quibus
878 686 942 727 cum
963 667 1108 729 homerica
1131 687 1223 746 paene

58 772 317 850 congruit-locutio
340 771 517 856 hrchilochi.¹
559 772 663 832 Omnia
685 771 845 831 exscribere
867 789 931 831 cum
946 769 1063 846 longum
1079 772 1126 848 sit,
1150 771 1222 832 haec

11 950 15 963 Ι
56 875 213 952 protulisse
236 876 306 936 satis
328 874 420 935 habeo
444 874 586 951 exempla:

56 977 91 1037 fr.
111 980 146 1037 9:
171 963 267 1044 κήδεα
291 973 451 1037 στονόεντα
463 997 526 1035 =e
542 978 594 1050 123

55 1080 92 1141 fr.
108 1081 158 1155 56,
169 1083 203 1140 4:
219 1076 366 1165 παρήορος
376 1074 537 1154 ωΨ603;

56 1183 94 1244 fr.
111 1186 177 1244 93τ·
189 1170 427 1266 δολοφρονέουσα
438 1176 511 1240 oeT
525 1184 600 1258 1063

57 1287 94 1347 fr.
112 1289 162 1362 74,
180 1289 211 1347 8:
236 1281 392 1356 θαλάσσης
406 1281 535 1370 ἠχέεντα
550 1281 672 1370 κύματα
693 1281 763 1344 <soh
783 1288 855 1347 157:
872 1280 1012 1346 θάλασσά
1024 1304 1058 1345 τε
1073 1281 1207 1370 ἠχήεσσα
1215 1310 1237 1361 3·

57 1390 92 1450 fr.
111 1390 141 1467 4,
157 1390 192 1449 2:
228 1389 329 1474 μῶλον
353 1383 444 1473 Ἄρης
466 1385 579 1473 συνάγῃ
598 1381 671 1446 eall
688 1390 748 1449 245
772 1395 801 1449 et
822 1408 914 1467 saep:
945 1388 1045 1473 μῶλος
1066 1382 1176 1473 Ἄρηος
1198 1396 1227 1450 et

590 1486 691 1552 anl
708 1537 727 1568 Α,
749 1515 781 1568 „r
806 1477 887 1573 ἔριδα
909 1479 1085 1576 ξυνάγοντες
1107 1485 1225 1575 Ἄρηος;

58 1594 93 1654 ir.
112 1597 168 1655 59:
200 1585 374 1678 ἐμάρψαμεν
396 1591 481 1653 ποσίν
495 1617 530 1648 ω
544 1589 576 1652 Φ
593 1598 668 1656 564:
693 1585 793 1679 μάρψῃ
815 1592 955 1679 ταχέεσσι
977 1583 1125 1655 πόδεσσιν.

147 1697 270 1757 Omnino
303 1685 391 1773 igitur
423 1697 564 1758 dialectos
597 1696 777 1773 Archilochi,
812 1716 886 1776 quae
918 1699 1083 1759 nominatur
1115 1697 1160 1759 las
1189 1699 1226 1759 ab

59 1799 142 1860 Eust.
159 1801 195 1860 ad
211 1801 244 1859 ll.
262 1802 332 1874 518,
351 1801 389 1859 22
412 1806 441 1860 et
455 1800 544 1861 schol.
561 1800 594 1860 ll.
610 1795 650 1859 Ψ
669 1802 736 1876 199,
760 1819 825 1860 cum
839 1801 983 1861 homerica
999 1802 1069 1860 satis
1084 1802 1224 1877 congruit.

60 1903 132 1965 Item
154 1905 343 1982 posteriorum
365 1902 465 1964 Ionum
488 1923 507 1962 κ
524 1923 576 1982 pro
598 1904 692 1964 littera
707 1923 730 1962 τ
742 1904 773 1963 in
788 1903 934 1964 vocabulis
950 1903 1028 1964 velut
1041 1907 1108 1979 ποῦ,
1131 1911 1224 1981 ποῖος,

60 2005 204 2067 similibus
237 2007 299 2066 eius
327 2007 415 2067 aetati
443 2007 572 2083 ignotam
604 2006 695 2066 fuisse
717 2025 751 2066 ex
774 2007 901 2084 antiquis
923 2005 1158 2084 inscriptionibus
1179 2025 1227 2084 ap

60 2128 163 2189 parere
196 2108 357 2185 contendit,
388 2113 420 2169 ut
441 2109 528 2169 lando
551 2110 661 2186 accepi,
688 2109 719 2168 in
745 2108 846 2168 ultimo
875 2108 1079 2170 Germanorum
1108 2109 1228 2188 philolo-

61 2230 164 2288 gorum
191 2216 333 2272 conventu
359 2210 431 2288 proi.
456 2211 491 2271 de
513 2210 915 2272 Willamowitz-Mollendori.
958 2214 1094 2274 Attamen
1115 2213 1146 2272 in
1171 2214 1228 2273 sin·

61 2313 139 2393 gulis
165 2314 224 2374 iam
251 2313 398 2375 vocabulis
426 2314 594 2375 discrimina
618 2314 727 2374 formae
749 2332 922 2390 cognoscere
942 2313 1021 2390 licet,
1043 2315 1121 2375 velut
1142 2315 1228 2376 iniis

63 2435 138 2496 quae
170 2417 256 2477 modo
286 2418 438 2495 exscripsi:
474 2413 609 2500 συνάγειν
638 2422 667 2478 et
692 2413 785 2477 ποσίν.
838 2416 922 2478 Adde
953 2418 1034 2497 quod
1060 2417 1176 2478 vocales
1201 2421 1230 2478 et

63 2519 261 2599 diphthongos
284 2539 335 2597 per
356 2521 499 2600 synizesin
522 2520 732 2581 contrahendas
755 2526 886 2597 apparet,
910 2519 1003 2580 etiam¹
1018 2520 1067 2581 ubi
1088 2520 1229 2598 Bergkins

63 2622 235 2684 disiunctas·
255 2623 370 2682 exhibet
399 2623 476 2683 velut
504 2625 553 2697 25,
570 2623 604 2682 3:
640 2619 726 2706 ἐρέω,
752 2622 806 2681 51:
832 2623 877 2698 ἔα,
901 2626 956 2684 48:
989 2616 1094 2706 Ἄρεω,
1119 2625 1169 2697 99,
1193 2623 1227 2684 2:

63 2708 318 2808 δολοφρονέουσα,
351 2725 431 2786 alias.
476 2724 513 2785 Et
529 2731 598 2804 'quo
626 2723 709 2804 plura
736 2725 879 2785 tractabat
907 2729 935 2784 et
962 2725 1120 2785 recentiora
1147 2743 1229 2801 argu·

62 2832 175 2904 menta,
201 2844 236 2887 eo
257 2829 353 2888 minus
376 2828 520 2888 homerico
542 2847 672 2888 sermone
694 2833 806 2905 poterat
828 2828 1016 2906 acquiescere.
1058 2826 1100 2888 Ita
1121 2827 1229 2888 iactum

63 2935 121 3007 est,
146 2936 178 2989 ut
200 2928 315 2991 aliunde
339 2931 489 2991 verborum
512 2932 626 3009 copiam
648 2932 764 3001 haurire
786 2930 920 3005 studeret,
943 2949 1030 3009 quarn
1045 2930 1073 2990 ei
1088 2929 1230 2991 cotidiana

62 3032 212 3093 hominum
234 3034 409 3094 consuetudo
439 3033 554 3093 dicendi
584 3034 820 3094 subministrabat
846 3035 970 3095 abunde.
1014 3032 1084 3094 lnde
1112 3038 1144 3093 ut
1169 3038 1231 3093 erat

62 3134 182 3213 elegans
209 3141 237 3196 et
267 3136 394 3214 prudens
423 3137 571 3215 aptissima
594 3143 622 3196 et
643 3137 760 3215 propria
782 3154 914 3221 quaeque
935 3135 1022 3212 elegit
1043 3136 1123 3195 etin
1145 3154 1229 3196 suum

62 3258 149 3300 usum
171 3240 318 3300 convertit.
364 3236 428 3312 Quo
451 3258 612 3316 exgenere
635 3238 747 3317 singula
769 3232 854 3298 etiam
877 3258 894 3299 a
916 3239 1000 3299 nobis
1021 3239 1144 3299 inveniri
1165 3257 1227 3317 pos·

60 3348 132 3403 sunt
153 3341 232 3402 velut
310 3396 312 3400 .
692 3385 696 3394 .

60 3443 96 3506 fr.
120 3440 176 3504 31:
211 3439 316 3526 μύρον;
338 3463 364 3503 v.
378 3442 446 3504 Ath.
463 3443 515 3504 XV
532 3446 592 3505 688
610 3446 647 3507 G:
680 3449 725 3522 τῷ
751 3449 804 3502 τοῦ
834 3440 1007 3528 μ’ὀνόματι
1027 3449 1143 3529 πρῶτος
1164 3435 1229 3526 Ἀρ-

190 3542 310 3631 χίλοχος
332 3541 483 3630 κέχρηται.

10 3662 12 3671 ·
59 3649 136 3711 Item
158 3647 192 3709 fr.
213 3650 267 3710 25:
294 3646 440 3732 τυραννίς,
465 3670 491 3708 v.
505 3653 620 3727 praeter
639 3655 733 3710 cetera
749 3646 915 3710 testimonia
931 3669 949 3708 a
967 3648 1090 3727 Bergkio
1114 3649 1230 3709 laudata

190 3769 253 3828 arg.
269 3748 358 3830 Soph.
376 3750 445 3813 Oed.
463 3753 540 3831 Tyr,
568 3771 625 3832 quo
648 3751 769 3830 Hippias
792 3753 921 3831 sophista
942 3750 1113 3813 Archilocho
1136 3753 1229 3830 primo

191 3872 275 3915 usum
295 3855 419 3916 nominis
442 3855 581 3929 τύραννος
602 3856 693 3915 fertur
713 3855 860 3930 tribuisse,
884 3854 960 3934 quod
973 3874 1078 3916 nomen
1096 3874 1113 3916 a
1128 3855 1228 3918 Curtio

190 3957 223 4017 in
245 3955 327 4018 elem.
343 3963 429 4037 etym.
444 3977 487 4034 gr.
504 3959 641 4018 omissum
658 3978 723 4019 eum
738 3958 883 4020 homerico
899 3956 1043 4043 κοίρανος,
1067 3964 1100 4019 ut
1116 3959 1229 4037 saepius

192 4058 235 4134 ut,
258 4060 433 4120 confundere
455 4060 587 4140 equidem
609 4066 765 4139 proptera
787 4066 950 4139 correptum
973 4079 1031 4121 non
1053 4063 1154 4123 ausim.

10 4220 12 4237 ,
58 4160 185 4225 Accedit
198 4161 234 4222 fr.
254 4163 307 4224 32:
337 4159 441 4246 βρῢτος
455 4187 497 4213 =
515 4155 591 4233 οἶνος
612 4158 785 4247 κρίθινος*),
808 4184 835 4224 ν.
851 4161 962 4224 aux
983 4163 1044 4224 447
1056 4163 1088 4226 Β.

168 4308 195 4375 *)
220 4309 343 4364 Alterum
365 4311 493 4365 cervisiae
517 4326 613 4365 nomen
635 4314 720 4380 πῖνον,
749 4311 773 4365 si
802 4310 855 4380 ipsi
881 4311 976 4365 Graeci
1001 4310 1149 4379 finxerunt,
1175 4326 1229 4365 non

60 4393 204 4464 Aegyptii,
232 4396 264 4450 de
287 4411 398 4463 quornm
415 4396 570 4450 inventione
587 4414 611 4449 ν.
624 4396 687 4450 Ath.
700 4397 721 4457 Ι,
740 4397 781 4465 34,
799 4397 818 4447 Β
838 4403 864 4450 et
882 4396 898 4450 l.
912 4413 932 4450 s.
947 4399 974 4463 l,
994 4397 1071 4451 facile
1090 4396 1229 4450 ducitura
1272 4397 1275 4402 '
1348 4464 1351 4470 ⁴

62 4481 150 4535 verbo
167 4479 239 4532 πίνειν
257 4481 331 4535 velut
350 4481 541 4535 Germanorum
559 4482 617 4536 bier
634 4499 651 4536 a
668 4482 749 4536 verbo
766 4482 851 4536 latino
869 4481 968 4534 bibere.
1004 4481 1124 4536 Alterum
1142 4481 1228 4550 βρῦτος

25 4574 30 4583 “
1011 4567 1026 4619 2
