2864 5002
618 353 743 441 Δ

221 548 301 624 Quae
328 569 390 611 cum
414 552 547 626 1155151,
583 551 741 612 Bocckhius
768 553 803 613 de
824 558 905 614 metr.
928 553 1010 613 Piud.
1034 573 1061 631 p.
1087 556 1125 616 86
1152 574 1205 634 ,ex
1226 555 1298 615 eius·

134 653 213 712 modi
235 653 346 713 duobus
369 653 497 714 conflatis
525 673 583 714 non
605 655 767 728 ordinibus3
803 656 852 716 sed
875 653 1024 716 versibus“
1048 662 1113 734 post
1135 656 1300 718 Archilochi

99 744 102 750 ’
138 755 254 816 demum
277 759 406 834 tempora
428 756 498 816 dicit
519 777 607 817 unum
629 758 691 818 fieri
714 777 813 819 versus
835 778 946 837 corpus,
992 746 1129 819 Similiter
1154 759 1299 839 Westpha·

133 857 190 918 lius
213 859 249 918 Ill
276 878 305 936 p.
330 861 389 920 359
418 859 590 921 Archilocho
618 862 718 922 tribuit
744 880 803 923 nou
830 881 943 936 versus,
971 862 1021 922 sed
1051 863 1184 939 strophas
1212 855 1298 921 ricuv-

134 959 271 1045 αρτῆτως
298 962 391 1024 fictas.
442 961 572 1042 Denique
598 964 703 1039 Bergk.
727 983 900 1044 quamquam
927 966 957 1024 in
980 964 1111 1025 ¹editione
1138 984 1190 1026 sua
1217 985 1298 1046 asyn-

93 1107 96 1114 -
133 1071 226 1126 arteta
253 1085 310 1126 uno
333 1085 418 1127 versu
447 1068 553 1144 scripta
575 1067 705 1143 exhibet,
733 1070 882 1128 tamenin
907 1073 976 1127 nota
1004 1069 1039 1128 ad
1063 1068 1097 1128 fr.
1124 1068 1181 1128 115
1206 1071 1298 1145 potius

131 1167 192 1227 duo
215 1167 277 1228 cola
291 1169 450 1246 separanda
471 1175 569 1229 censet
591 1189 664 1246 esse,
689 1188 761 1249 quae
776 1172 886 1230 metrici
908 1171 999 1231 secuti
1020 1171 1212 1231 recentiorum
1233 1191 1298 1249 poe

130 1274 227 1330 tarum
257 1273 490 1333 consuetudinem
520 1272 728 1350 copulaverint3
760 1260 949 1351 congnienter
974 1273 1050 1332 idem
1079 1274 1135 1333 iarn
1164 1273 1300 1334 iudicavit

128 1375 162 1434 in
185 1375 243 1434 ind.
267 1374 356 1435 schol.
379 1394 401 1435 5.
423 1375 441 1434 l.
464 1395 491 1452 p.
509 1375 558 1435 Vll
580 1376 610 1434 in
632 1381 700 1436 nota
722 1373 758 1411 i*
780 1376 940 1453 designata3
965 1384 993 1435 et
1015 1377 1159 1453 separavit
1185 1376 1247 1436 cola
1268 1377 1300 1437 in

131 1481 204 1535 nota
226 1476 263 1536 ad
286 1476 375 1536 Alcm.
399 1477 433 1537 fr.
462 1482 472 1536 1
501 1478 618 1555 scripta.
649 1476 756 1538 Christ.
780 1484 862 1538 metr.
886 1476 902 1552 5
929 1482 996 1552 144,
1021 1479 1091 1552 149,
1116 1481 1175 1539 590
1199 1498 1299 1556 parum

130 1579 191 1638 sibi
213 1583 333 1639 constat.
364 1577 503 1656 Equidem
517 1578 617 1639 vnihilo
638 1580 726 1638 setius
748 1580 812 1640 illos
828 1599 926 1639 versus
948 1585 1127 1659 asynartetos
1149 1599 1213 1641 esse
1235 1599 1299 1658 per·

129 1700 251 1754 suasum
273 1682 376 1758 habeo,
399 1701 472 1761 quos
494 1682 556 1759 ipse
579 1699 693 1759 quoque
717 1717 752 1726 -
778 1682 826 1742 sed
857 1682 992 1757 gravibus
1022 1683 1116 1742 causis
1140 1702 1196 1742 non
1220 1684 1299 1743 addi·

129 1784 171 1843 tis
198 1817 232 1824 -
257 1785 357 1844 statuit
379 1784 432 1844 Od.
456 1783 593 1844 Millerus
625 1783 637 1842 1
668 1804 694 1862 p.
720 1787 781 1844 244
815 1786 844 1843 iu
878 1785 1089 1852 adnotatione„
1117 1785 1190 1844 Nam
1222 1786 1299 1863 quod

130 1887 348 1966 antiquissimis,
367 1887 544 1963 temporibus
572 1887 710 1946 trinorum
734 1906 868 1961 versuum
904 1886 1036 1964 strophas
1067 1888 1187 1947 usitatas
1208 1887 1298 1947 fuisse

130 1991 290 2064 coniciunt,
324 1988 356 2049 id
383 1989 496 2049 credere
525 1988 630 2059 nolim,
665 1989 800 2067 quoniam
829 1989 879 2049 5111
901 1989 937 2048 (15
967 1989 1022 2048 hac
1044 2008 1075 2048 re
1097 1989 1153 2049 alia
1175 1995 1298 2050 statuere

130 2093 237 2153 solent.
281 2091 352 2151 Vide
374 2112 407 2151 5.,
422 2112 464 2168 gr.
488 2091 523 2151 de
546 2090 629 2151 Hom.
654 2083 685 2148 Ω
710 2093 853 2152 rra-59
878 2072 1017 2169 quantum
1048 2093 1121 2151 inter
1143 2111 1173 2151 se
1195 2092 1297 2153 disere

132 2201 205 2273 pent
227 2193 335 2256 Christ.
358 2200 442 2254 metr.
465 2191 485 2268 ξ’
498 2194 557 2255 592
582 2198 610 2253 et
624 2192 817 2272 Peppmiilleri
840 2194 984 2254 enarratio
1006 2193 1056 2253 ult.
1073 2193 1103 2252 11.
1120 2193 1185 2254 libri
1208 2213 1299 2271 nuper

134 2298 223 2358 edita.
267 2296 362 2376 Atque
385 2297 482 2356 eodem
505 2297 576 2371 iure,
599 2316 655 2376 quo
679 2297 834 2358 distichum
857 2296 1012 2377 elegiacum
1035 2305 1069 2356 e'x
1090 2296 1298 2374 antiquissimis

130 2391 309 2478 timporibus
331 2400 442 2459 duobus
464 2399 598 2460 scribitur
619 2400 763 2474 versibus,
797 2419 969 2479 quamquam
993 2399 1064 2460 alter
1084 2380 1128 2459 est
1149 2405 1297 2477 asynarte·

131 2509 189 2578 tus,
212 2505 322 2563 ceterae
345 2520 457 2581 quoque
479 2502 612 2579 strophae
642 2502 679 2561 ad
700 2502 777 2561 illius
800 2501 1016 2562 similitudinem
1044 2501 1190 2562 confectae
1213 2483 1297 2579 spodi

131 2606 281 2666 habendae
303 2611 377 2665 sunt.
423 2602 459 2664 Et
480 2611 577 2682 aperte
599 2601 706 2663 Marius
728 2601 799 2664 Vict.
823 2604 989 2664 describens
1012 2603 1160 2681 stropham
1182 2603 1217 2662 tr.
1237 2605 1294 2663 103

133 2703 219 2790 (meis
252 2726 338 2785 supra
364 2707 491 2766 numeris
516 2702 570 2784 lX)
605 2701 688 2783 cpodi
716 2708 830 2766 nornine
864 2706 1034 2784 significavit
1065 2705 1174 2765 horatii
1209 2704 1294 2765 illud:

134 2809 280 2889 ,Solvitur
307 2809 381 2869 acris
408 2803 530 2869 hiems.“
583 2806 666 2884 Quod
699 2826 871 2887 quamquam
900 2814 1062 2868 nostrorum
1081 2806 1296 2885 'exemplarium

131 2913 232 2973 ordine
263 2913 293 2971 in
316 2930 403 2971 carm.
426 2911 452 2985 I,
487 2915 635 2986 tuirstat,
669 2917 765 2971 tamen
788 2929 839 2988 per
860 2928 892 2970 55
913 2911 942 2968 15
973 2910 1071 2988 epodis
1096 2909 1296 2970 collocandum

131 3016 187 3075 fuit
208 3019 236 3075 et
250 3013 377 3092 Gruquio
399 3019 471 3074 teste
493 3014 522 3073 iu
545 3014 608 3074 cod.
625 3013 778 3073 Blandinio
804 3012 847 3073 ad
863 3013 938 3072 hanc
960 3013 1100 3073 rationem
1124 3008 1296 3089 dispositum

132 3123 202 3178 erat.
248 3116 323 3192 Quid
346 3117 422 3194 quod
445 3116 528 3177 ahter
549 3135 585 3176 ne
606 3117 746 3194 potuisset
767 3116 882 3193 quidem
906 3117 936 3175 in
955 3117 1080 3175 carmina
1102 3116 1203 3175 reterri
1227 3133 1295 3191 qua-

132 3227 293 3295 ternorum,
323 3227 355 3280 ut
375 3225 441 3297 post
462 3219 597 3296 Meinelrii
618 3218 852 3296 Lachmaunique
875 3236 957 3278 curas
980 3237 1055 3277 nuuc
1077 3223 1203 3291 constat,
1231 3236 1295 3276 ver·

132 3341 214 3382 suum
243 3323 367 3400 strophis
394 3323 572 3399 compositai.
612 3319 759 3381 Accedunt
785 3320 841 3380 alia
865 3320 950 3380 etiam
979 3339 1014 3380 er
1036 3320 1106 3397 ipsis
1129 3317 1295 3379 Archilochi

83 3470 87 3480 .
131 3425 298 3502 fragmentis
321 3424 435 3500 indicia,
459 3443 533 3502 quae
555 3425 580 3483 si
601 3423 664 3484 5515
679 3428 833 3497 exstarent,
858 3422 904 3482 vix
920 3421 1047 3482 valerent
1065 3423 1228 3501 quicquam,
1245 3421 1295 3481 sed

131 3548 195 3588 cum
208 3529 244 3587 iis
256 3546 329 3606 quae
343 3527 400 3586 iam
412 3526 519 3604 protuli
534 3528 685 3586 coniuncta
700 3544 793 3585 meam
809 3525 844 3584 de
860 3525 1009 3584 versibd
1015 3544 1028 3585 s
1043 3527 1216 3604 asynartetis
1233 3543 1295 3584 sen-

131 3631 250 3691 tentiam
270 3631 404 3689 videntur
423 3630 553 3708 probare.
589 3628 631 3689 Ac
648 3629 773 3706 primum
785 3628 901 3706 quidem
912 3627 941 3686 id
955 3628 1111 3687 tenendum
1121 3632 1200 3706 puto,
1217 3627 1296 3706 quod„

130 3735 160 3793 in
182 3735 275 3811 primo
297 3733 330 3791 tr.
359 3733 415 3791 103
439 3751 537 3806 versu,
571 3733 597 3791 si
618 3731 731 3790 ordines
759 3730 931 3808 episyutheti
954 3730 1192 3806 disiungerentur,
1215 3749 1293 3807 prae·

130 3836 236 3915 positio
259 3830 315 3893 ὑπό
338 3853 355 3894 5
376 3835 567 3894 5555155555
589 3820 712 3914 καρδίην
735 3830 923 3910 separaretur,
950 3832 1027 3910 quod
1049 3832 1211 3908 ubicunque
1231 3831 1293 3891 fieri

130 3943 225 4016 potest
253 3937 399 3998 vitandum
431 3937 592 4015 putaverim
620 3932 660 4012 (r.
685 3934 793 3996 Christ.
816 3954 845 4012 p.
872 3927 954 4013 148).
999 3933 1071 3993 Tum
1094 3934 1196 4011 fragm.
1224 3937 1292 4008 114,

130 4042 211 4101 cuius
234 4041 329 4100 verbis

282 4135 461 4207 Heortaovr'
483 4125 598 4223 ἀνδρῶν
620 4137 689 4197 λίπε
714 4132 859 4222 Κοίρανον
880 4134 964 4208 ἤπιος
987 4123 1140 4196 Ποσειδῶν

130 4243 289 4304 Meinelrius
311 4250 339 4304 et
353 4245 492 4320 Berghius
514 4247 675 4302 statuerunt
688 4241 827 4324 imitando
850 4241 969 4318 exprimi
990 4240 1092 4300 incerti
1114 4243 1215 4316 poetae
1229 4257 1292 4300 555·

129 4367 192 4408 sum
216 4365 261 4424 ap.
284 4347 403 4407 Aristot.
427 4343 515 4422 Soph.
538 4345 583 4405 El.
607 4364 630 4404 c.
656 4349 672 4404 4
696 4348 853 4403 servatum:

201 4453 203 4456 ’
310 4439 487 4514 115555155νέ
510 4436 623 4531 ἀνδρῶν
645 4442 753 4505 ἑκατὸν
776 4443 842 4505 λίπε
866 4432 928 4516 δῖος
951 4439 1112 4529 Ἀχιλλεύς,
