2864 5002
625 368 657 425 11

539 448 740 456 Μ

56 569 126 646 cipit
152 569 259 645 optime
285 565 333 642 (fr.
364 571 403 627 60
432 573 460 626 et
493 567 555 640 64).
602 565 739 627 Similiter
765 567 934 645 sapientiam
961 566 1119 626 ostendunt
1144 566 1222 626 haud

56 670 293 730 contemnendam
316 668 351 728 fr.
377 671 416 729 74
440 675 468 728 et
491 669 545 743 25,
575 686 694 745 quorum
724 667 814 728 altero
842 673 925 746 poeta
952 667 1038 726 rebus
1065 668 1094 725 in
1123 667 1221 728 arduis

56 791 178 850 aequam
206 769 285 830 iubet
314 771 421 830 servari
456 778 594 848 mentem,
629 770 719 830 altero
752 771 923 831 modestiam
956 775 984 828 et
1016 770 1221 828 continentiam

56 875 194 935 describit
216 872 357 933 Charonis
379 872 463 932 fabri.
502 846 620 932 h‘ccedit
641 873 717 950 quod
740 879 894 950 utrumque
915 871 949 930 fr.
974 870 1117 957 proverbii
1140 873 1221 948 quasi

57 979 113 1036 vim
137 976 268 1035 redolens
290 975 420 1053 populari
442 993 572 1034 sermone
594 976 631 1035 ab
648 976 837 1035 imitatoribus
860 992 1023 1051 expressum
1046 979 1109 1047 est,
1142 974 1221 1049 prius

55 1080 87 1138 in
110 1075 197 1155 Soph.
220 1075 287 1138 hut.
310 1096 338 1137 v.
363 1079 440 1152 388,
476 1079 618 1154 posterius
646 1079 678 1137 in
700 1080 965 1137 Anacreonteorum
988 1094 1010 1135 c.
1037 1079 1071 1150 7,
1104 1075 1139 1134 de
1166 1093 1223 1152 quo

56 1199 145 1259 supra
173 1182 229 1240 iam
253 1180 321 1239 dixi.
366 1182 407 1239 At
424 1177 597 1239 ¹Aristoteles
620 1181 650 1239 in
671 1180 744 1240 rhet.
767 1179 813 1253 lll,
840 1183 875 1238 17
899 1178 981 1238 affert
1001 1178 1074 1237 haec
1094 1177 1128 1236 fr.
1152 1176 1224 1236 vitu·

56 1284 235 1363 perationem
258 1284 353 1343 inesse
374 1288 501 1343 testans:
536 1283 576 1351 ὡς
599 1276 639 1342 Ἀ.
664 1276 746 1368 ψέγει
769 1283 830 1342 scil.
854 1282 925 1342 ahos
946 1300 1000 1358 pro
1021 1298 1052 1340 se
1073 1279 1224 1358 loquentes

58 1387 180 1461 iaciens3

99 1493 181 1547 ποιεῖ
201 1481 258 1572 γὰρ
279 1482 332 1545 τὸν
354 1480 472 1568 πατέρα
491 1482 623 1572 λέγοντα
644 1484 709 1570 περὶ
736 1492 790 1558 τῆς
812 1480 976 1571 θυγατέρος
1004 1483 1034 1544 ὲν
1056 1489 1101 1562 τῷ
1123 1479 1223 1566 ἰάμβῳ

160 1583 333 1671 Χρημάτων
357 1581 488 1647 ἄελπτον
512 1575 597 1648 οὐδέν
621 1592 699 1649 ἐστιν
722 1574 786 1646 οὐδ’
809 1584 973 1670 ἀπώμοτον
989 1634 996 1647 .
1014 1630 1045 1646 ..

101 1687 152 1750 καὶ
174 1686 227 1749 τὸν
249 1684 380 1773 Χάρωνα
402 1685 454 1748 τὰν
476 1687 606 1750 τέκτονα
628 1689 658 1750 ὲν
681 1688 789 1775 ἰάμβῳ,
813 1680 848 1748 οὗ
869 1690 888 1756 ἡ
911 1685 986 1772 ἀρχή
1105 1746 1109 1759 ,

100 1790 107 1805 “
160 1785 210 1852 Οὔ
233 1811 283 1874 μοι
304 1787 352 1872 τοὶλ
366 1786 471 1877 Γύγεω
493 1799 546 1853 etc.
1257 1862 1266 1881 .

58 1897 176 1973 Integra
213 1894 340 1954 carmina
367 1894 393 1954 si
430 1896 598 1956 conservata
625 1901 735 1972 essent,
763 1913 822 1955 non
859 1895 946 1954 modo
979 1911 1226 1970 cognosceremus,

59 1998 132 2077 quid
154 1996 238 2057 vellet
269 1995 319 2056 ille
341 2002 426 2074 pater
458 1998 493 2057 de
525 1998 586 2057 filia
618 1999 762 2058 disserens
791 1993 1043 2075 (Schneidewinus
1065 1994 1227 2074 Lycamben

59 2102 267 2178 interpretatus
309 2092 365 2178 est)
408 2101 452 2159 vel
489 2101 569 2160 ouius
604 2101 635 2160 in
676 2100 887 2160 immodestiam
921 2099 1105 2159 inveheretur
1141 2101 1227 2176 podta

59 2203 201 2267 Charonis
242 2219 366 2279 persona
407 2202 538 2278 indutus,
580 2221 680 2263 verum
716 2203 801 2262 etiam
848 2204 972 2262 marimo
1014 2219 1078 2261 cum
1122 2199 1227 2276 gaudio
1264 2245 1266 2249 ,

59 2307 91 2367 id
124 2305 364 2383 perspiceremus,
400 2324 486 2383 quam
519 2306 671 2365 artificiose
700 2307 736 2368 A.
763 2306 933 2383 apopulari
965 2304 1088 2383 quadam
1110 2322 1227 2363 exorsus

60 2408 207 2486 sapientia
227 2407 447 2484 vituperationis
471 2409 565 2468 subito
593 2409 734 2468 emisisset
761 2408 884 2468 aculeos.
928 2409 1011 2469 Nunc
1040 2406 1161 2487 amplius
1182 2407 1228 2466 his

57 2510 232 2587 fragmentis
261 2510 339 2569 abuti
368 2528 425 2569 non
455 2510 529 2601 licet.
575 2511 765 2579 Transeamus
792 2511 892 2587 igitur,
921 2527 978 2586 quo
1004 2502 1059 2569 hac
1086 2511 1149 2586 ipsa
1171 2509 1228 2568 dis-

58 2613 210 2692 putatione
243 2612 318 2672 clam
340 2613 452 2673 traduci
484 2615 580 2691 coepti
602 2633 716 2689 sumus,
750 2614 786 2674 ad
807 2613 857 2672 illa
884 2613 1028 2687 carmina,
1062 2613 1093 2671 in
1124 2613 1227 2690 quihus

58 2715 238 2793 singulorum
260 2717 367 2775 mentio
387 2716 421 2776 lit
436 2717 606 2776 nominatim
629 2716 802 2795 aequalium.
837 2714 900 2791 Quo
921 2716 952 2774 in
974 2734 1092 2775 numero
1115 2719 1229 2792 practer

58 2841 126 2898 eos,
154 2821 205 2900 qui
232 2822 346 2880 nomine
374 2825 486 2879 tentum
515 2819 695 2897 appellantur
722 2820 799 2880 velut
819 2820 854 2878 fr.
880 2823 897 2880 8
920 2817 1097 2893 Aesimides,
1127 2818 1162 2877 ir.
1188 2821 1226 2879 60

58 2924 172 2998 Erxias,
195 2925 270 2999 sim,
293 2923 388 2984 nullos
410 2924 470 2984 fere
493 2927 622 2984 nominat
644 2926 678 2985 Α.
693 2925 749 2984 nisi
764 2925 929 3000 vituperans
952 2919 997 2998 (ir.
1018 2919 1117 2995 llil).
1160 2918 1228 2980 Sine
1301 2935 1306 2945 ·

58 3029 119 3090 ulla
141 3029 293 3107 iniquitate
314 3033 486 3088 memoratos
509 3028 602 3106 possis
624 3034 749 3088 statuere
773 3046 880 3104 paucos
899 3027 1041 3102 homines,
1064 3027 1101 3085 de
1124 3026 1228 3102 quibus

58 3139 130 3194 sunt
158 3133 364 3211 epigrammata
396 3135 431 3192 17
455 3138 484 3192 et
509 3136 561 3206 18,
592 3147 713 3209 quorum
742 3131 832 3192 altero
859 3130 1011 3208 sepulcrali
1034 3124 1227 3212 (ἑπιτυμβίῳ)
1332 3192 1338 3203 ,

58 3255 138 3297 mors
159 3241 335 3296 memoratur
357 3235 514 3296 Naxiorum
537 3237 683 3313 hlegatimi
705 3240 734 3295 et
748 3234 973 3312 Aristophontis,
997 3233 1086 3293 altero
1108 3232 1227 3293 donario

59 3334 308 3421 (ἀναθηματικῷ)
336 3340 500 3399 flammeum
528 3340 564 3399 ab
587 3339 698 3400 Alcibie
728 3339 813 3400 modo
843 3344 933 3416 nupta
963 3337 1064 3398 lunoni
1087 3337 1226 3414 positum:

60 3449 139 3504 certe
167 3441 245 3520 quod
266 3440 301 3501 Α.
331 3441 460 3502 allaxio
489 3443 613 3520 quodam
639 3441 806 3502 interfectus
834 3460 896 3502 esse
923 3442 1027 3516 fertur,
1061 3442 1096 3500 de
1118 3459 1175 3518 qua
1197 3458 1229 3499 re

25 3556 33 3571 ·
59 3545 119 3606 vid.
142 3543 252 3605 Liebel.
274 3551 426 3604 comment.
449 3544 540 3606 XVlll
562 3565 589 3623 p.
615 3548 653 3605 42
677 3551 707 3606 et
733 3552 819 3606 notas
841 3545 997 3620 subiectas,
1031 3543 1098 3603 inde
1120 3543 1229 3604 Naxica

62 3648 235 3725 iampridem
263 3647 395 3707 inimicos
423 3648 512 3708 fnisse
534 3649 581 3708 vix
608 3648 704 3726 colligi
732 3653 837 3727 potest.
881 3648 987 3709 Contra
1009 3664 1082 3724 quos
1104 3644 1120 3703 ὁ
1144 3663 1228 3728 σκορ-

59 3734 175 3820 cudha
197 3745 253 3816 mio
268 3746 410 3834 γλῶσσαν
427 3749 477 3829 (ad
493 3751 528 3812 fr.
547 3752 620 3825 172)
636 3752 810 3830 perstrinxit,
834 3751 999 3811 multisono
1014 3754 1225 3810 suntnumcro:

64 3853 159 3930 primo
182 3850 246 3912 loco
266 3854 441 3913 nominanda
464 3859 516 3931 est,
540 3856 656 3914 sirecte
677 3855 712 3915 fr.
733 3857 768 3914 19
785 3854 960 3915 Archilocho
982 3853 1130 3928 tribuitur,
1153 3851 1238 3911 bona-

103 3954 258 4031 Pasiphile,
282 3973 356 4033 quae
377 3957 507 4034 hospites
529 3957 658 4034 accipere
680 3963 772 4032 amat;
813 3955 815 3958 ⁴
887 3966 888 3970 ’

61 4057 167 4119 deinde
181 4056 307 4117 Pericles
328 4064 442 4135 potator
463 4059 650 4120 immodestus
672 4064 701 4120 et
722 4061 912 4137 importunus,
935 4060 971 4120 de
993 4077 1050 4136 quo
1074 4063 1121 4118 est
1135 4057 1169 4118 ir.
1188 4061 1226 4119 78

105 4160 182 4238 apud
207 4160 276 4221 Ath.
298 4160 320 4236 l,
345 4164 373 4237 7,
396 4162 433 4236 F3
460 4149 467 4164 ’
996 4154 998 4160 ’

62 4269 126 4323 tum
148 4259 274 4324 Glaucus
296 4250 382 4323 honio
405 4266 497 4325 bellus
520 4271 549 4325 ct
569 4284 651 4326 coma
672 4265 780 4325 nitidus
801 4265 836 4325 fr.
861 4264 934 4339 w)
941 4289 949 4340 3

149 4477 177 4546 *)
196 4432 318 4534 llundem
336 4475 452 4548 spectari
469 4495 565 4536 censeo
582 4479 678 4549 glossis
701 4479 749 4534 loc.
770 4480 819 4534 162
837 4485 865 4534 et
883 4480 931 4534 166
949 4478 1098 4547 exscriptis,
1117 4492 1228 4546 quarum
