2864 5002
630 373 666 431 21

71 562 105 634 δὲ
131 580 195 658 πῦρ.
239 576 386 636 Accedunt
415 576 643 655 comparationes
671 575 821 634 manifesta
849 575 1036 658 similitudine
1062 586 1229 655 argumenta

69 676 245 737 illustrantes
267 684 316 737 aut
337 680 398 737 sine
421 678 619 738 coniunctione
634 678 832 755 ,comparativa
854 678 964 754 positae
986 684 1018 738 ut
1038 680 1072 741 fr.
1092 684 1128 741 19
1152 684 1229 749 συκῆ

69 775 194 859 πετραίη
219 779 260 853 [et
285 781 341 838 102
365 776 493 861 κορώνη]
517 786 567 838 aut
589 798 606 838 a
628 779 729 839 vocula
751 778 790 848 ὡς
811 779 981 856 incipientes
1000 785 1033 840 ut
1046 777 1133 842 fijai
1161 777 1228 853 ὥ;τ’

70 875 138 938 ὄνου
162 877 251 964 ῥάχις,
275 883 329 940 68:
353 872 426 950 ὥςτε
449 869 556 962 διψέων
578 887 664 955 πιεῖν,
688 885 727 942 97
735 905 741 942 ι
766 877 830 951 ὡςεί
846 874 871 939 τ’
887 875 954 939 ὄνου
978 876 1127 964 Πριηνέος,
1152 880 1226 946 106:

69 977 143 1050 ὥςτε
169 968 312 1065 πέρδικα,
340 983 462 1062 denique
483 1014 527 1026 —
553 985 610 1044 nisi
638 984 711 1044 forte
736 985 808 1044 haec
830 983 1025 1043 Archilocheis
1047 984 1083 1043 de
1105 1003 1157 1045 suo
1179 986 1227 1045 ad·

10 1128 12 1165 ,
67 1082 143 1143 didit
154 1083 291 1144 Aelianus
307 1117 345 1126 -
371 1086 447 1144 142:
472 1080 564 1169 ὥςπερ
592 1084 686 1169 ἐχῖνον
707 1082 807 1163 λαβεῖν
831 1079 883 1169 μὲν
906 1073 1016 1166 ρ’άδιον,
1041 1081 1171 1170 συνέχειν
1194 1073 1227 1146 δὲ

10 1178 12 1183 ’
66 1182 215 1268 χαλεπόν,
249 1180 328 1245 οὕτω
355 1183 406 1245 καὶ
432 1181 473 1244 τοὶ
499 1181 647 1270 χρήματα.
697 1186 773 1266 Apte
803 1187 850 1247 his
882 1187 1077 1263 adiunguntur
1102 1189 1226 1267 apologi,

16 1332 21 1345 .
66 1304 190 1364 quorum
226 1293 394 1364 argumenta
428 1289 486 1348 iam
517 1307 545 1366 p.
564 1291 602 1349 14
636 1291 856 1367 composuimus.
915 1289 1036 1350 Secutus
1068 1291 1227 1368 exemplum

64 1387 188 1448 Hesiodi
217 1382 285 1468 (Op.
308 1391 383 1464 200,
411 1389 462 1451 cfr.
484 1388 601 1464 Quintil.
618 1390 642 1449 V
660 1394 695 1450 ll
721 1385 739 1470 ἓ
758 1390 806 1464 19)
839 1385 874 1452 A.
895 1392 948 1452 hos
975 1411 1033 1451 non
1060 1411 1110 1470 per
1132 1411 1164 1452 ss
1184 1394 1227 1452 in-

64 1495 182 1564 ventos,
205 1490 256 1550 sed
278 1509 313 1550 ex
333 1491 444 1567 vulgari
466 1510 603 1552 sermone·
618 1498 757 1570 sumptos,
783 1493 811 1552 id
834 1494 911 1571 quod
933 1494 1121 1554 demonstrari
1143 1495 1227 1555 docet

63 1590 198 1652 Kolleros
220 1614 249 1672 p.
268 1597 326 1655 383
350 1593 446 1654 verbis
467 1594 502 1653 fr.
520 1597 573 1655 86:
603 1588 681 1664 αἶνίς
702 1613 746 1665 τις
767 1590 970 1678 ἀνθρώπων
993 1580 1059 1668 ὅδε,
1086 1597 1117 1654 in
1141 1615 1226 1655 usum

64 1695 226 1754 carminum
249 1697 389 1756 convertit
410 1695 494 1780 ὀρῶν,
523 1701 554 1756 ut
575 1698 616 1756 ait
635 1697 735 1757 Iulian.
752 1715 792 1758 or.
808 1694 863 1756 Vll
885 1716 911 1774 p.
929 1699 999 1772 207,
1023 1698 1062 1766 ὡς
1081 1694 1157 1766 εἰκὸς
1171 1695 1226 1764 την

63 1793 223 1874 ὑπόθεσιν,
260 1798 295 1864 ἢν
322 1794 440 1882 ρετίρει,
474 1803 527 1868 τῆς
554 1793 692 1869 τοιαύτης
725 1790 917 1883 ψυχαγωγίας
950 1783 1055 1868 ἐνδεῶς
1091 1800 1225 1882 ἔχουσαν,

64 1902 169 1980 σαφῶς
202 1885 236 1957 δὲ
259 1896 405 1986 ἐγνωκώς,
440 1894 486 1957 ὅτι
513 1895 673 1984 στερομένη
701 1896 796 1985 μύθου
828 1897 942 1971 ποίησις
972 1897 1109 1960 ίποποιία
1137 1896 1225 1985 μόνον
1260 1971 1264 1980 ¹

64 1996 155 2060 ἐστίν.
198 2002 297 2079 Neque
319 2009 386 2062 v'ero
408 2002 543 2080 deinceps
565 2021 612 2062 res
635 2003 819 2081 apologorum
841 2008 1011 2078 narrantur,
1034 2003 1084 2063 sed
1106 2003 1225 2063 alternis

63 2107 99 2162 ut
120 2103 232 2164 videtur
253 2104 362 2164 uicibus
383 2104 509 2188 intense
527 2105 727 2184 colloquuntur
742 2105 838 2184 aquila
853 2109 883 2164 et
897 2105 995 2184 vulpes
1009 2105 1044 2166 fr.
1059 2102 1169 2168 8718&
1185 2108 1223 2165 96

63 2211 152 2284 atque
181 2206 281 2284 vulpes
309 2212 337 2266 et
364 2209 447 2268 simia
473 2208 508 2267 fr.
531 2210 581 2268 91.
631 2205 768 2268 Similiter
793 2206 823 2264 in
851 2207 901 2267 illa
930 2208 972 2266 de.
987 2206 1107 2268 Hercule
1127 2207 1225 2267 fabula

63 2308 175 2369 Nessus
202 2310 366 2370 Deianiram
398 2311 521 2370 videtur
542 2310 648 2390 alloqui
681 2310 715 2370 h.
736 2313 774 2370 41
805 2314 834 2369 et
859 2311 931 2370 haec
951 2311 1015 2389 ipsa
1035 2309 1054 2369 l.
1075 2312 1130 2370 147
1153 2306 1225 2393 πρός

63 2409 119 2470 τὸν
141 2404 292 2494 Ἠρακλέα
315 2399 460 2497 ῥαψῳδεῖν
483 2414 595 2474 dicitur.
638 2415 697 2475 Nec
718 2414 758 2472 ita
781 2411 864 2490 longe
885 2414 921 2473 ab
942 2412 988 2472 his
1010 2412 1096 2472 rebus
1119 2411 1225 2472 absunt

65 2515 320 2575 sermocinationes
352 2517 388 2576 ab
424 2514 578 2577 Aristotele
609 2516 742 2580 laudatae
776 2520 805 2575 et
838 2533 925 2592 supra
951 2534 979 2593 p.
1007 2517 1041 2574 11
1073 2507 1235 2591 tractatae,⁴

65 2617 171 2698 quibus¹
200 2620 234 2679 A.
257 2618 407 2697 loquentes
439 2619 509 2681 facit
535 2619 697 2680 Charonem
729 2618 898 2679 fabrumet
922 2618 1052 2694 ignotum
1080 2615 1223 2694 quendam

63 2727 185 2799 patrem.
231 2721 340 2796 Quibus
368 2742 402 2783 ex
430 2724 523 2783 causis
545 2725 574 2782 id
597 2722 665 2783 licet
685 2723 788 2799 opinor
809 2721 963 2782 coniectari
984 2751 1023 2761 -
1047 2737 1113 2778 nam
1136 2718 1223 2779 tradi-

64 2829 128 2885 tum
148 2825 185 2886 de
209 2827 264 2886 hac
286 2845 317 2887 re
339 2827 521 2889 auctoribus
543 2832 587 2887 est
608 2845 724 2905 prorsus
746 2824 818 2890 nihil
843 2859 878 2869 -·
903 2823 1040 2883 ambitum
1065 2823 1222 2892 carminum
1252 2871 1255 2877 .

63 2929 89 2989 si
117 2948 176 2990 non
203 2934 331 2991 omnium
359 2937 390 2992 at
418 2931 543 3009 plurium
564 2931 652 2990 luisse
673 2928 750 2989 haud
773 2929 913 3004 exiguum.
959 2923 1038 3000 Quae
1060 2924 1222 2985 coniectura

64 3051 98 3094 ea
120 3052 151 3093 re
173 3034 372 3108 confirmatur,
400 3033 475 3112 quod
504 3052 521 3093 a
542 3034 694 3094 Plutarcho
716 3033 918 3093 discernuntur
937 3034 998 3088 τῶν
1021 3024 1160 3113 ἰαμβείων
1182 3023 1223 3087 τοὶ
1305 3112 1309 3121 Ι

10 3120 15 3211 ξ
64 3130 119 3216 μὲν
140 3181 173 3198 ..
196 3131 236 3194 τοὶ
259 3127 291 3194 δὲ
314 3154 371 3197 ..τ
403 3156 470 3197 nam
503 3138 643 3217 siquidem
670 3137 798 3197 ciusdem
824 3136 958 3196 carminis
984 3136 1100 3196 iambici
1126 3139 1221 3212 partes

63 3238 136 3300 aliae
158 3239 215 3301 ulio
236 3243 321 3303 modo
342 3244 544 3322 pronuntiatae
566 3248 649 3320 sunt,
671 3242 741 3302 illud
756 3244 850 3321 ipsum
865 3241 1011 3320 aliquanto
1026 3241 1118 3299 maius
1132 3238 1221 3298 fuisse

62 3349 154 3412 facile.
168 3341 317 3429 sequitur.¹
350 3350 392 3410 De
414 3351 618 3428 compositione
643 3353 738 3408 autem
760 3347 925 3425 reliquaque
947 3345 1104 3405 carminum
1125 3345 1221 3404 indole
1244 3407 1248 3414 ,

62 3472 97 3515 ex
127 3455 257 3534 reliquiis
284 3455 404 3515 nimium
432 3455 539 3531 exiguis
561 3440 601 3514 o.
623 3454 758 3514 nunu-us
779 3453 792 3514 1
812 3473 840 3531 p.
861 3456 920 3514 aas
950 3456 1037 3514 satu
1064 3454 1220 3533 quidquam

61 3577 147 3638 posse
176 3562 252 3618 recte
279 3564 372 3634 negat.
417 3556 517 3635 Itaque
545 3575 718 3636 quamquam
747 3557 901 3617 admodum
929 3574 1020 3634 pauca
1046 3562 1158 3617 tantum
1185 3557 1220 3617 de

61 3679 197 3722 sermono
218 3658 381 3721 Archilochi
403 3660 601 3736 exhibuimus,
624 3665 720 3720 tamen
741 3660 799 3720 iam
820 3660 907 3720 finem
928 3659 995 3719 huic
1017 3660 1219 3738 disputationis

54 3765 137 3844 parti
158 3764 253 3824 lacere
275 3782 390 3823 necesse
411 3755 464 3823 est.

145 3866 237 3926 Venio
268 3885 344 3926 nunc
376 3866 413 3925 ad
440 3885 489 3941 ea,
523 3884 596 3945 quae
621 3867 708 3925 tertio
736 3871 766 3925 et
792 3872 892 3944 quarto
920 3865 982 3926 loco
1014 3883 1218 3944 proposueram

10 3986 13 4023 :
59 3969 211 4051 „musica“
236 3969 398 4031 Archilochi
420 3970 545 4030 inventa.
576 3967 631 4029 Sed
655 3971 820 4049 priusquam
842 3970 879 4030 ad
902 3969 1015 4048 singula
1036 3969 1218 4044 descendam,

10 4060 14 4073 ’
56 4094 93 4137 ex
120 4091 155 4145 re
184 4078 255 4150 puto
281 4092 343 4133 esse
370 4074 526 4151 principem
547 4073 631 4133 huius
654 4074 833 4149 quaestionis
859 4073 968 4150 locum,
997 4074 1073 4153 quod
1098 4073 1128 4133 in
1157 4092 1218 4151 pro

10 4172 11 4195 ³
123 4178 154 4237 io
176 4177 236 4236 dixi
249 4175 324 4236 Plut.
337 4176 372 4236 dc
386 4195 460 4236 mus.
477 4194 538 4254 cap.
553 4178 601 4252 28,
625 4176 784 4236 exscribere
798 4184 826 4237 et
839 4179 936 4255 paucis
951 4177 1093 4255 persequi.
1128 4174 1217 4236 (iuius

53 4280 149 4342 verba
180 4277 215 4338 ad
248 4278 443 4338 doctissimam
475 4278 648 4357 Westphalii
678 4280 942 4356 interpretationem
970 4298 998 4357 p.
1016 4283 1053 4340 52
1080 4280 1218 4358 disposita

53 4381 203 4466 (similiter
232 4383 425 4443 discribuntur
451 4383 481 4441 in
512 4383 638 4442 eiusdem
667 4382 734 4442 hist.
750 4383 851 4443 musl
872 4403 899 4462 p.
919 4379 988 4460 117)
1022 4390 1089 4446 sunt
1114 4386 1215 4475 haece:

49 4479 155 4550 Ἀλλοὶ
177 4480 234 4567 μην
257 4481 307 4543 καὶ
329 4479 497 4571 Ἀρχίλοχος
