2864 5002
605 303 805 394 ‚L

129 510 157 566 et
180 509 208 567 8.
224 508 279 580 21,
309 510 336 565 4.
355 509 407 580 71,
441 505 544 581 quibus
574 504 657 581 plura
678 503 802 580 prolerre
828 504 933 564 taedet.
971 503 1102 564 Ceterum
1129 501 1158 561 id
1182 499 1312 593 addere·

44 630 48 637 ·
129 611 242 687 oportet
265 607 360 666 thesin
381 625 447 666 raro
469 611 582 666 tantum
604 607 723 683 produci
744 624 797 666 nec
817 605 847 665 id
875 605 946 665 alias
969 610 1054 682 atque
1075 604 1105 662 in
1127 604 1224 680 prima
1245 601 1291 660 vel

129 713 255 768 extrema
278 707 433 786 rhythmici
454 705 564 767 ordinis
585 708 652 767 sede
675 741 712 749 —
737 706 816 767 velut
840 707 870 765 in
892 707 1018 784 dipodia,
1042 725 1098 784 qua
1121 705 1292 783 plerumque

129 810 220 869 utitur
236 804 284 886 A,
306 808 429 869 iambica
450 810 582 886 primam,
604 810 635 868 in
656 809 801 869 trochaica
816 809 979 870 secundam.
1016 808 1079 869 Ter.
1097 808 1187 868 Maur.
1207 805 1291 866 2336

129 931 157 989 p.
181 913 256 973 395:
298 910 462 971 Trochaeus
484 929 551 988 ergo
572 930 685 989 semper
707 912 809 988 impari
832 911 893 971 loco

297 993 420 1091 Parioue
441 1013 552 1072 iambus
573 1015 628 1089 rite
650 1013 844 1074 collocabitur.

215 1147 320 1209 Versus
335 1167 408 1208 novo
430 1149 543 1227 rythmo
565 1148 604 1208 ad
618 1148 834 1209 similitudinem
848 1149 999 1209 heroorum
1014 1147 1174 1227 composuit
1196 1147 1295 1226 primo

133 1252 297 1325 continuos,
330 1257 362 1328 ut
388 1256 529 1310 testantur
562 1244 688 1329 (praeter
715 1251 785 1312 Hor.
813 1243 859 1328 ep.
887 1243 938 1330 17)
971 1249 1006 1309 fr.
1031 1253 1086 1324 25,
1114 1253 1169 1324 27,
1201 1252 1241 1309 32
1266 1259 1295 1310 et

131 1352 165 1412 fr.
191 1355 245 1426 54,
269 1355 323 1427 56,
348 1353 403 1426 58,
423 1355 482 1444 dd,
507 1355 563 1427 74,
590 1352 735 1413 trimetros
757 1353 842 1413 iamb.
866 1351 1035 1412 acatalectos
1058 1357 1086 1411 et
1108 1356 1294 1412 tetrametros

73 1526 77 1531 Ι
132 1453 224 1513 troch.
248 1452 437 1513 catalecticos.
472 1453 582 1512 Novum
605 1455 733 1532 rhythmi
753 1474 843 1531 genus
865 1455 1001 1514 usitatum
1024 1460 1068 1513 est
1087 1453 1119 1512 in
1140 1454 1295 1515 sententiis

133 1560 165 1613 ut
186 1555 289 1614 acerbo
316 1555 358 1612 ita
387 1554 478 1614 amico
505 1573 553 1614 ore
580 1554 673 1615 dictis.
718 1557 824 1618 Contra
852 1555 1021 1615 sententiam
1051 1555 1198 1631 vulgarem
1220 1553 1293 1615 Mar.

134 1656 205 1715 Vict.
223 1675 251 1734 p.
270 1657 324 1715 79:
362 1674 495 1731 „carmen
511 1662 609 1733 aptum
624 1657 792 1719 lacerationi
807 1667 836 1718 et
852 1652 1005 1718 conuiciis“
1030 1656 1134 1717 adhibe
1149 1658 1296 1735 cumipse

133 1758 234 1835 fragm.
258 1762 318 1816 tum
340 1756 415 1816 Mali.
440 1757 580 1819 Theodcr.
603 1778 630 1836 p.
656 1762 730 1820 594:
763 1760 869 1839 „iambi
891 1778 960 1818 usus
981 1760 1012 1817 in
1034 1759 1158 1818 carmine
1186 1759 1229 1819 ite
1252 1764 1296 1818 est

136 1861 230 1919 varius
252 1878 286 1919 ac
307 1859 465 1937 multiplex,
488 1865 520 1918 ut
541 1880 572 1921 se
594 1868 622 1921 et
643 1863 700 1922 alte
715 1863 834 1937 attollat
853 1868 881 1922 et
902 1879 989 1939 quam
1011 1861 1158 1938 aptissime
1174 1861 1211 1920 ad
1223 1847 1296 1921 'coti-

135 1962 253 2020 dianum
274 1960 410 2038 loquendi
431 1981 539 2022 morem
561 1965 689 2040 accedat,
712 1972 740 2026 et
760 1966 802 2025 ita
822 1965 853 2023 in
875 1964 982 2023 severis
1000 1963 1188 2040 tristibusque
1203 1981 1296 2023 verse

136 2068 183 2122 tur
204 2070 237 2122 ut
259 2064 344 2122 etiam
366 2064 395 2122 in
419 2063 552 2124 mollibus
575 2085 609 2125 ac
630 2070 758 2128 remissis
779 2068 805 2127 ei
827 2067 865 2126 sit
883 2066 937 2125 loci
952 2060 1135 2142 plurimum“,
1158 2069 1187 2123 et
1202 2064 1310 2126 Procl..

136 2165 239 2225 chrest.
262 2184 290 2243 p.
316 2167 374 2225 243
394 2165 449 2225 W.:
475 2159 578 2224 Ἔοικε
602 2153 671 2226 hid
693 2167 799 2253 ἴαμβος
820 2165 856 2226 τὸ
879 2162 932 2251 μὲν
954 2163 1081 2225 παλαιὸν
1103 2163 1150 2226 ἐπὶ
1171 2171 1233 2224 τῶν
1259 2167 1297 2237 εἰς

137 2257 232 2350 ψόγον
264 2251 315 2324 ’κάὶ
349 2269 467 2326 ἔπαινον
494 2264 688 2352 γραφομένων
716 2268 825 2354 ὁμοίως
863 2265 1014 2357 λέγεσῦςι,
1048 2272 1172 2347 itemque
1204 2269 1295 2330 schol.

135 2368 231 2446 Heph.
254 2389 282 2447 p.
308 2374 382 2446 145,
412 2388 485 2446 quae
508 2372 667 2432 exscribere
695 2374 770 2434 uolo.
814 2371 849 2432 Et
877 2390 1049 2449 quamquam
1077 2373 1211 2431 trochaeo
1234 2390 1297 2432 sae

135 2473 201 2549 pius
223 2473 400 2533 aveteribus
422 2472 554 2533 laudatur
574 2475 698 2552 iambus,
720 2482 817 2536 tamen
839 2477 982 2553 quoniam·
997 2475 1156 2534 iamborum
1179 2476 1297 2534 nomine

137 2575 219 2634 facile
241 2575 522 2652 comprehenduntur
544 2575 672 2635 trochaei
695 2571 773 2658 (vide
796 2597 821 2638 e.
836 2597 878 2655 gr.
903 2579 997 2636 locum
1018 2575 1180 2636 Aristotelis
1202 2596 1230 2653 p.
1259 2582 1293 2636 11

138 2694 226 2754 supra
247 2676 448 2755 exscriptum),
480 2678 575 2738 facere
602 2698 659 2739 non
681 2698 832 2758 possumus
859 2679 929 2757 quin
951 2685 1073 2756 utroque
1101 2687 1193 2739 metro
1217 2697 1297 2738 sum·

137 2802 214 2843 mam
238 2789 337 2859 poetae
359 2783 472 2843 laudem
496 2786 623 2846 dicamus
644 2792 839 2863 comparatam
861 2803 933 2845 esse.
978 2783 1045 2842 Alia
1066 2782 1188 2860 duplicis
1210 2800 1305 2858 gene.

138 2887 178 2945 ris
205 2891 295 2946 metra
320 2885 405 2963 paulo
427 2888 500 2947 iufra
526 2887 717 2964 proferuntur.
764 2889 816 2948 Hic
838 2907 925 2948 unum
949 2905 983 2946 ex
1004 2887 1056 2960 iis,
1088 2902 1163 2962 quae
1184 2884 1299 2944 metrici

139 2988 263 3064 produnt
283 2989 520 3050 archilochiorum
544 2992 669 3065 nomine,
692 2990 795 3050 addere
814 2974 889 3070 opus
911 2996 955 3050 est
977 2995 1094 3064 certum,
1117 2987 1193 3065 quod
1216 3005 1299 3064 prae

139 3097 183 3150 ter
203 3091 303 3167 fragm.
326 3091 397 3153 Bob.
421 3112 448 3170 p.
474 3095 545 3168 621,
569 3094 633 3154 Ter.
657 3095 746 3152 Maur.
770 3113 799 3170 p.
822 3094 882 3154 397
906 3093 1034 3170 aliosque
1054 3091 1183 3151 nominat
1203 3088 1298 3166 Heph.

140 3214 167 3272 p.
192 3196 244 3255 20:
262 3188 424 3278 Τρίμετρον
446 3196 554 3255 aurai.
577 3215 658 3279 τροχ.
683 3187 743 3254 οἷόν
766 3195 829 3255 ἐστι
846 3191 881 3253 τὸ
898 3191 1082 3279 Ἀρχιλόχου,
1106 3191 1212 3261 ὅτινες
1227 3187 1299 3250 ἀκέ-

141 3299 236 3383 φαλον
264 3289 399 3378 ἰαμβικὸν
429 3301 552 3359 καλοῦσι

319 3404 353 3463 fr.
372 3407 425 3465 99:
460 3400 517 3463 Ζεῦ
539 3402 643 3489 πάτερ,
666 3401 765 3489 γάμον
787 3399 839 3488 μὲν
862 3404 917 3463 οὐκ
938 3390 1112 3486 ἐδαισάμην.

226 3538 281 3600 Sed
303 3541 374 3601 haec
394 3560 471 3601 nova
491 3543 606 3630 linxisse
621 3545 655 3603 A.
672 3561 728 3602 non
752 3543 822 3602 satis
841 3542 975 3617 habebat,
999 3561 1095 3602 verum
1112 3541 1197 3600 etiam
1213 3539 1301 3599 aliam

141 3646 169 3703 in
193 3648 302 3721 partem
328 3645 402 3703 viam
424 3647 545 3705 munivit
566 3664 644 3718 eam,
673 3651 704 3705 ut
726 3645 816 3704 multa
843 3646 1028 3721 coniungeret
1054 3650 1143 3705 metra
1169 3645 1247 3704 inter
1268 3662 1301 3702 se

143 3747 268 3806 diversa.
299 3745 362 3821 Qua
383 3753 415 3807 ut
436 3749 593 3824 proliceret,
616 3748 740 3825 elegiaco
754 3754 850 3808 motus
872 3754 916 3807 est
930 3748 1062 3821 disticho,
1084 3747 1113 3806 in
1136 3765 1193 3824 quo
1210 3730 1301 3806 ¹hexa-

142 3856 264 3910 metrum
284 3852 403 3911 heroum
433 3871 532 3911 versus
555 3852 691 3928 sequitur,
719 3852 770 3928 qui
796 3870 830 3910 ex
853 3850 1092 3910 Hermesianactis
1122 3849 1301 3925 temporibus

143 3953 222 4028 (Aah.
245 3954 309 4015 ΧΙΙΙ
332 3975 360 4032 p.
385 3957 444 4014 589
469 3951 505 4028 Α)
536 3962 653 4014 vocatur
677 3957 862 4029 pentameter,
895 3971 953 4012 non
986 3953 1118 4030 rhythmo
1145 3957 1175 4010 at
1207 3956 1300 4010 metro

143 4059 247 4137 dispar.
292 4056 381 4119 Cuius
409 4057 445 4117 ad
472 4056 634 4134 exemplum
661 4056 803 4133 longiores
833 4061 862 4115 et
888 4055 1032 4115 breviores
1054 4042 1099 4113 vel
1127 4053 1227 4113 ecdem
1255 4051 1318 4121 vel·

143 4162 286 4226 contrario
308 4160 441 4239 rhythmo
463 4160 578 4219 ordines
600 4161 630 4219 in
655 4180 742 4219 unum
765 4158 939 4220 consociavit
961 4150 1160 4235 stropharum
1184 4167 1299 4233 corpus.

143 4266 280 4344 Singulae
302 4270 397 4323 autem
419 4282 491 4341 quae
513 4262 605 4322 adhuc
626 4263 810 4323 inveniuntur
830 4262 965 4338 strophae
985 4266 1053 4321 sunt
1073 4259 1136 4319 hae.

228 4407 246 4468 1,
282 4400 429 4483 Dactylico
458 4401 621 4462 hexametro
649 4401 771 4478 primum
798 4398 943 4459 subiunxit
969 4399 1004 4458 A.
1028 4397 1176 4457 dimidium
1203 4401 1300 4476 penta
