2864 5002
627 362 636 380 .
698 322 737 382 37

218 524 262 584 De
283 527 312 586 vi
333 531 363 586 et
389 527 531 586 sententia
554 516 658 586 horum
681 514 815 607 versuum
843 544 1016 603 quamquam
1040 525 1077 584 ad
1100 525 1219 586 verbum
1241 527 1300 587 fere

134 632 297 706 congruunt
317 627 495 689 definitiones

133 730 356 808 Hephaestionis
378 731 397 791 l.
420 730 437 789 l.
748 733 777 788 et
798 734 879 788 tract.
896 726 976 787 Harl.
1000 728 1075 807 apud
1091 727 1180 790 Gaisf.
1196 750 1225 807 p.
1239 731 1298 791 333

89 842 92 851 '
132 817 310 918 piscatorib&
337 831 539 917 ἀσυνάρτητα,
581 827 693 892 ὁπόταν
744 828 857 915 γίνεται
880 815 923 905 δὲ,
947 825 1020 888 ὅταν
1090 809 1093 815 ’

132 922 190 994 δύο
215 933 300 993 κῶλα
369 978 692 997 .......
745 917 798 990 δύο
829 931 915 990 κῶλα
942 920 974 1002 ἐξ
1002 926 1096 992 ἄλλου
1124 930 1174 992 καὶ
1205 928 1299 993 ἄλλου

787 1028 895 1117 μέτρου

129 1135 176 1222 μή
204 1126 354 1222 δυνάμενα
383 1133 524 1209 ἀλλήλους
550 1157 691 1221 συναρτη-
744 1130 785 1218 μὴ
809 1119 959 1220 δυνάμενα
986 1132 1127 1207 ἀλλήλοις
1156 1157 1297 1221 συναρτη-

179 1235 269 1306 θῆναι
787 1231 874 1303 θῆναι

129 1338 215 1428 μήτε
237 1337 338 1402 ἕνωσιν
364 1344 439 1426 ἔχειν
520 1410 522 1414 ,

128 1442 205 1504 ἀντὶ
227 1439 289 1514 ἑνὸς
312 1442 402 1530 μόνου
418 1440 692 1528 παραλαμβάνηται
744 1432 809 1499 ἀνθ’
824 1435 886 1510 ἑνὸς
901 1437 1173 1525 παραλαμβάνονται
1188 1439 1299 1526 στίχου,

180 1545 283 1630 στίχου

130 1655 236 1710 tamen
257 1669 291 1709 ex
317 1657 438 1729 utraque
460 1668 518 1709 non
544 1648 647 1727 liquet,
681 1667 731 1709 cnr
758 1645 813 1704 iste
836 1644 898 1705 cola
918 1652 1063 1724 nequeant
1084 1642 1301 1728 συναρτηθῆναι

133 1736 280 1822 ἀλλήλοις
302 1752 349 1813 νο1
370 1746 471 1837 iudom
494 1752 577 1834 ἔχειν.
613 1749 691 1825 Quae
714 1747 939 1825 enimexempla
961 1748 997 1807 ad
1019 1767 1079 1807 rem
1100 1747 1300 1808 illustrandam

133 1853 197 1914 illic
236 1856 392 1916 afferuntur
430 1872 483 1913 nec
516 1853 612 1913 minus
644 1871 692 1928 ea,
731 1868 804 1929 quae
837 1849 1000 1928 suppeditat
1032 1850 1101 1909 Mar.
1129 1851 1235 1911 Victor.
1271 1853 1300 1910 in

137 1961 241 2034 quarto
273 1957 362 2033 libro,
402 1955 452 2034 qui
488 1955 652 2015 inscribitur
693 1947 753 2034 ,de
780 1953 893 2014 conexis
930 1953 1003 2012 inter
1043 1971 1073 2012 se
1106 1958 1192 2032 atque
1224 1953 1314 2013 inco·-

94 2079 97 2083 ’
136 2058 238 2135 nexis,
274 2077 346 2137 quae
383 2056 483 2120 Graeci
521 2055 710 2139 ἀσυνάρτητα
746 2052 879 2131 vocant“,
917 2073 951 2114 ea
986 2054 1083 2133 plures
1119 2074 1164 2115 res
1201 2061 1230 2115 et
1258 2055 1302 2114 di-

137 2179 237 2220 versas
266 2161 341 2220 inter
367 2179 398 2220 se
434 2159 620 2220 confundunt.
665 2159 724 2220 Neo
758 2159 853 2217 minus
886 2157 1008 2218 obscura
1042 2166 1070 2216 et
1098 2159 1202 2234 partim
1228 2157 1302 2218 falsa

139 2268 224 2338 sunt,
259 2282 331 2341 quae
354 2263 389 2322 de
411 2261 581 2340 asynartetis
609 2261 638 2320 id
662 2265 705 2320 est
727 2256 994 2320 inconvenientibus
1017 2261 1114 2319 metris
1136 2260 1223 2320 habet
1243 2258 1301 2320 Ma·

139 2367 200 2424 rius
221 2365 330 2426 Plotius
351 2384 379 2444 p.
404 2364 475 2439 545,
498 2365 527 2423 in
549 2363 605 2422 fine
626 2363 683 2423 loci
703 2383 731 2440 p.
746 2364 805 2422 546
829 2381 977 2442 perperam
1002 2367 1099 2423 contra
1121 2362 1220 2423 Iubam
1243 2380 1301 2422 me-

138 2468 242 2528 tricum
269 2463 308 2525 ταὶ
329 2462 413 2532 πάθη
440 2469 495 2525 τοῦ
523 2465 650 2550 ripun-aod
681 2459 745 2545 (cfr.
769 2463 856 2524 schol.
880 2463 970 2542 Heph.
999 2484 1027 2544 p.
1056 2461 1128 2542 167)
1157 2471 1302 2545 asynarte·

139 2575 233 2628 torum
256 2570 360 2629 rationi
383 2569 549 2629 attribuens.
596 2565 669 2641 Quid
698 2569 802 2627 mirum
827 2567 928 2643 igitur,
952 2569 1028 2646 quod
1051 2571 1138 2630 etiam
1160 2570 1300 2628 recentio-

139 2691 186 2731 res
207 2671 421 2731 haesitavernnt
442 2670 497 2729 viri
519 2669 615 2730 docti?
657 2666 804 2729 Bentleius
827 2670 862 2728 ad
885 2669 952 2729 Hor.
978 2691 1021 2749 ep.
1051 2676 1084 2732 ll
1108 2693 1136 2751 p.
1163 2674 1222 2731 316
1246 2677 1302 2731 sta·

139 2774 196 2834 tuit
217 2772 357 2853 syllabam
380 2771 507 2832 ultimam
523 2772 627 2848 prioris
651 2771 704 2832 coli
726 2773 844 2850 perinde
867 2792 929 2833 esse
952 2793 985 2834 ac
1008 2776 1031 2832 si
1054 2775 1197 2851 integrum
1219 2779 1303 2836 hexa-

139 2882 262 2937 metrum
286 2876 330 2936 vel
352 2875 507 2936 iambicum
531 2873 688 2951 clauderet,
723 2875 796 2935 sicut
816 2876 923 2935 indicia
945 2895 1017 2953 quae
1044 2884 1182 2961 uocantur
1203 2897 1303 2939 versus

139 2980 231 3040 clausi
252 2980 281 3037 in
304 2979 338 3039 fr.
366 2981 423 3039 115
446 2961 611 3037 Archilochi
639 2982 667 3037 et
690 2979 802 3056 saepius
833 2979 908 3056 apud
931 2979 1080 3040 Horatium
1111 2982 1300 3042 inveniuntur.

141 3081 235 3157 Quam
258 3079 427 3142 sententiam
449 3081 643 3158 probaverunt
665 3080 698 3141 G.
716 3080 898 3141 hermannus
920 3084 948 3140 in
972 3083 1006 3142 el.
1023 3084 1113 3144 doctr.
1131 3105 1167 3143 m.
1185 3103 1213 3160 p.
1233 3087 1302 3162 640,

141 3185 176 3247 Ο.
200 3185 352 3245 Muellerus
375 3182 406 3244 in
427 3184 495 3242 hist.
517 3181 537 3243 l.
559 3203 600 3259 gr.
625 3181 637 3242 Ι
656 3202 688 3261 p.
714 3185 790 3261 244,
812 3184 869 3244 alii.
904 3182 960 3245 Sed
984 3205 1039 3265 quo
1062 3186 1142 3247 nisus
1157 3187 1303 3247 Bentleius

141 3290 196 3349 hoc
221 3289 319 3349 statuit
340 3285 504 3346 Archilochi
527 3284 560 3344 ir.
588 3287 659 3346 115:
1082 3355 1088 3369 .

295 3384 356 3447 Καὶ
379 3383 489 3466 βήσσας
512 3383 602 3471 ὀρέων
625 3373 853 3464 δυςπαιπάλυυς,
877 3379 935 3461 οἷος
957 3381 992 3459 ἦν
1010 3387 1055 3477 ἐρ’
1069 3389 1151 3473 ἥβης,

145 3497 171 3555 ei
195 3492 323 3571 exemplo
340 3492 421 3571 quasi
446 3488 475 3550 ἐν
497 3484 634 3573 παρέργῳ
650 3495 760 3551 tantum
777 3491 868 3570 Heph.
884 3513 912 3571 p.
931 3498 980 3570 50,
1003 3516 1124 3575 quocum
1146 3499 1217 3560 satis
1239 3520 1303 3561 con-

143 3600 220 3676 gruit
244 3585 313 3656 ilar.
335 3593 410 3655 Viot.
435 3613 461 3670 p.
491 3593 558 3664 152,
581 3591 668 3652 adicit
690 3595 792 3654 verba:
827 3592 938 3680 γίνεται
961 3585 994 3659 δὲ
1017 3600 1032 3657 ὁ
1055 3575 1227 3672 τελευταῖος
1251 3609 1304 3672 τῆς

143 3687 340 3783 τετραποδίας
369 3684 418 3755 broi
440 3692 494 3762 τνλν
518 3691 565 3754 ἐπὶ
586 3690 691 3766 τέλους
719 3683 879 3782 ἀδιάφορον
907 3699 958 3758 καὶ
981 3699 1126 3785 κρητικός.
1170 3705 1302 3766 Ceterum

144 3804 200 3862 vid.
224 3802 316 3878 Heph.
340 3820 367 3878 p.
395 3801 440 3859 16,
486 3797 569 3858 Unde
597 3798 718 3858 efficitur
745 3799 806 3859 sola
829 3802 938 3880 syllaba
966 3805 995 3863 in
1022 3806 1079 3865 fine
1107 3807 1224 3884 ancipiti
1247 3827 1304 3867 non

143 3907 205 3967 fieri
234 3925 346 3965 versum
373 3907 578 3982 asynartetum.
623 3902 816 3963 Rossbachius
844 3909 872 3965 et
894 3905 1123 3984 Westphalinsl‘)
1156 3910 1305 3988 inpriore

229 4176 253 4240 *ρ
272 4172 400 4241 Gepperti
417 4173 450 4227 de
468 4168 628 4242 asynartetis
651 4175 819 4238 quaestiones
837 4188 891 4228 non
908 4174 1021 4244 inspexi.
1052 4174 1114 4228 Iulii
1132 4176 1254 4230 Caesaris
1273 4176 1306 4230 de

146 4278 213 4316 vers.
232 4277 304 4330 asyn.
315 4250 559 4320 commentationem
577 4260 605 4314 in
623 4261 677 4315 ind.
698 4260 779 4314 schol
793 4259 927 4328 ldarburgi
943 4275 992 4329 per
1009 4275 1071 4315 sem.
1084 4268 1150 4314 aest.
1165 4263 1233 4318 1864
1245 4261 1304 4315 hab.

146 4349 315 4416 eiusdemque
333 4348 539 4406 emendationes.
556 4351 693 4420 hephaest.
713 4347 748 4402 ib.
769 4345 835 4400 1868
858 4347 961 4401 duabus
978 4345 1101 4414 partibus
1125 4348 1210 4402 editas
1228 4348 1305 4402 abso-

145 4435 201 4488 luto
219 4449 276 4486 meo
294 4434 345 4485 ium
364 4437 491 4506 opusculo
509 4436 570 4499 legi,
589 4436 635 4490 sed
654 4433 720 4489 nihii
739 4433 795 4486 fere
812 4434 874 4486 novi
892 4429 1042 4489 addendum
1061 4431 1159 4489 inveni
