2864 5002
766 334 812 390 '12

688 418 772 423 -0—
785 417 888 426 ..,-..-,.

208 539 319 612 praeter
340 534 405 594 hos:
436 521 647 616 Ἐραομονίδης
671 559 710 582 ===
733 534 901 594 venustulus
923 533 1083 609 Char-ilaus,
1106 554 1197 611 ganeo
1220 555 1316 612 vorax,
1340 537 1377 596 de

250 655 307 715 quo
330 657 356 697 v.
379 636 414 697 tr.
440 636 562 697 79-83
587 633 693 713 (lter)
716 655 846 715 quaeque
868 637 956 696 habet
977 637 1045 696 Ath.
1068 636 1095 695 X
1119 640 1178 696 415
1202 637 1238 698 Ι).

209 737 291 799 Adde
313 737 486 799 Batusiadeu
509 744 601 798 vatem
630 738 779 815 loquacem
802 739 835 798 fr.
857 741 925 810 104,
948 758 1071 816 quocum
1093 740 1143 799 cir.
1166 739 1291 818 Hesych.
1310 761 1332 800 s.
1348 761 1374 801 v.
1420 760 1422 769 ·

250 827 423 905 Σελληῖδεω
445 846 474 900 et
495 841 611 901 Aristid.
635 840 659 900 ΙΙ
683 842 758 901 380:
783 834 835 898 τὸν
858 817 940 899 birca
962 836 1014 897 τὸν
1037 837 1153 920 μάντιν,

208 948 237 1003 et
257 940 383 1018 Myclum
404 938 551 1002 tibicinem
574 942 698 1003 salacem
720 943 756 1003 fr.
776 945 843 1018 184,
866 944 922 1002 nisi
943 949 1019 1003 errat
1033 943 1151 1004 Tretzes
1173 942 1209 1004 dd
1225 944 1375 1023 Lycophr.
1420 990 1422 1023 :

253 1047 326 1118 7713
349 1043 473 1106 fortasse
495 1045 581 1105 etiam
603 1046 637 1105 fr.
662 1050 699 1107 97
725 1047 760 1106 ad
784 1046 906 1105 eundem
928 1045 1060 1122 pertinet.
1420 1028 1422 1049 ²

208 1145 358 1206 Accedunt
1380 1207 1382 1214 ,

252 1248 364 1308 cinaedi
386 1249 503 1327 quidam
525 1254 587 1307 τῶν
610 1244 710 1308 ἄλλων
732 1254 867 1331 πονηρῶν
889 1245 966 1307 πολὺ
988 1244 1194 1330 πονηρότεροι,
1218 1271 1244 1308 v.
1267 1249 1375 1313 Euseb.

216 1327 223 1342 ’
294 1369 336 1427 pr.
360 1369 403 1410 ev.
426 1349 452 1411 V
477 1353 536 1409 228
559 1357 588 1410 et
611 1354 669 1410 ’299
694 1353 722 1410 in
744 1351 833 1411 altera
856 1359 936 1430 parte
957 1351 976 1410 l.
1002 1354 1040 1411 49
1063 1370 1110 1428 ap.
1133 1351 1255 1428 Bergk.;

252 1452 383 1512 homines
405 1452 554 1529 pecuniam
576 1452 667 1512 multa
688 1472 775 1531 opera
796 1459 990 1532 comparatam
1011 1459 1168 1513 scortorum
1191 1474 1246 1514 usu
1268 1461 1379 1516 temere

295 1559 499 1615 consumentes
524 1553 571 1628 (ir.
601 1552 689 1632 142);

118 1707 121 1714 .
253 1654 358 1741 milites
381 1655 516 1715 simulata
538 1657 631 1716 nescio
654 1674 711 1734 qua
733 1658 818 1717 caede
841 1663 871 1718 et
894 1658 1012 1717 victoria
1032 1657 1187 1734 gloriantes
1210 1654 1255 1734 (fr.
1280 1657 1350 1740 59);

252 1759 375 1836 deniqne
397 1758 532 1836 princeps
555 1759 670 1835 quidam
705 1758 765 1833 (=
786 1759 942 1837 Leophilus
964 1758 998 1819 fr.
1024 1758 1117 1840 69l),
1147 1778 1231 1838 quem
1254 1759 1291 1821 fr.
1317 1760 1375 1822 133

165 1850 171 1863 '
296 1859 330 1920 A.
355 1856 549 1919 ἐπισκώπτων
572 1862 641 1920 dicit
661 1861 740 1937 leges
763 1861 872 1922 discere
895 1862 1026 1922 creticos.

212 1959 340 2036 Quorum
366 1962 514 2022 hominum
542 1982 636 2023 mores
658 1962 815 2041 complexis
844 1970 872 2023 et
900 1963 1152 2023 considerantibus
1174 1964 1208 2023 Α.
1232 1964 1318 2025 facile
1342 1967 1379 2026 vi-

211 2065 294 2124 detur
316 2065 540 2142 vituperationes
563 2067 698 2126 effudisse
720 2066 796 2126 bono
818 2066 939 2126 consilio
962 2066 1064 2126 ductus
1087 2065 1163 2125 velut
1177 2066 1263 2126 Dioni
1286 2066 1377 2148 Chry·

109 2166 112 2172 ⁴
210 2172 279 2227 sost.
306 2167 357 2244 (or.
381 2167 496 2227 Tarsi
520 2170 590 2239 396)
614 2168 738 2251 ..ὁρῶν
760 2163 871 2226 τούτου
899 2167 1016 2252 μᾶλλον
1040 2156 1198 2251 δεομένους
1227 2165 1298 2239 τοὺς
1330 2168 1379 2228 ἀν-

212 2265 355 2351 θρώπους.
387 2269 444 2330 Sed
466 2271 513 2330 alii
536 2271 690 2347 scriptores
712 2277 855 2330 testantur
876 2272 942 2331 alia.
974 2271 1068 2349 Atque
1090 2270 1154 2346 ipse
1176 2275 1261 2347 poeta
1285 2271 1321 2331 fr.
1340 2274 1377 2332 65

211 2371 288 2431 mala
320 2371 402 2431 malis
430 2392 461 2432 se
488 2391 671 2449 compensare
700 2372 852 2448 gloriatur,
887 2392 1009 2451 quocum
1037 2374 1168 2449 congruit
1194 2373 1314 2433 Procius
1345 2374 1378 2434 ad

212 2473 282 2533 Hes.
304 2492 333 2550 p.
357 2477 397 2533 40
431 2471 621 2556 βλασφημίας
655 2465 825 2559 συγγράψαι
858 2471 938 2532 κατὰ
962 2480 1032 2569 ,τῶν
1066 2469 1264 2539 λυπησάντων
1297 2474 1378 2535 iilum
1420 2510 1422 2517 ·

215 2594 347 2635 narrans.
380 2573 519 2637 Similiter
541 2576 841 2656 Luciampseudolog.
870 2582 882 2635 1
908 2576 953 2652 (fr.
972 2577 1055 2651 lis).
1084 2576 1220 2636 Aelianus
1237 2595 1304 2636 vero
1321 2577 1379 2637 sive

212 2679 308 2756 potius
332 2677 436 2738 Critias
465 2678 507 2738 ab⁴
523 2679 642 2739 Aeliano
671 2676 750 2738 inv.
774 2679 803 2738 11.
826 2678 854 2737 Χ
880 2683 914 2738 13
950 2676 996 2753 (fr.
1024 2676 1094 2756 149)
1123 2679 1257 2738 laudatus
1280 2680 1380 2739 Archi-

212 2781 296 2841 locho
318 2781 430 2840 crimini
453 2781 545 2855 vertit,
570 2776 616 2839 ὅτι
638 2778 743 2864 ὁμοίως
761 2777 830 2850 τοὺς
850 2778 951 2863 φίλους
973 2777 1024 2838 καὶ
1046 2776 1115 2850 τοὺς
1136 2775 1257 2863 ἐχθροὺς
1280 2787 1381 2850 κακῶς

127 2921 131 2930 -
215 2883 327 2967 ἔλεγεν.
371 2884 469 2962 Itaque
491 2880 614 2945 Pericles
638 2885 671 2944 fr.
698 2888 735 2944 78
761 2885 940 2962 vituperatus
962 2884 1083 2944 tortasse
1105 2885 1184 2944 idem
1206 2888 1251 2943 est
1273 2884 1324 2962 qui
1346 2884 1381 2944 f.

216 2991 232 3048 9
256 2993 285 3046 et
308 2990 346 3046 16
369 2987 518 3047 invocatur
540 2989 639 3047 amice.
685 2988 779 3065 Atque
801 2989 887 3047 etiam
911 2986 1036 3048 Glaucus
1065 2987 1099 3046 fr.
1124 2987 1163 3047 57
1186 2986 1379 3063 reprehensus

215 3090 347 3149 similiter
367 3089 441 3150 forte
462 3091 538 3150 idem
562 3096 620 3166 est,
655 3109 740 3167 quem
761 3090 795 3149 fr.
821 3094 878 3165 58,
913 3093 982 3149 iet
1004 3094 1043 3150 54
1067 3096 1095 3149 et
1119 3087 1157 3147 14
1189 3089 1256 3149 belii
1278 3089 1382 3149 ducem

215 3200 299 3270 poeta
321 3193 487 3271 compellat,
521 3194 564 3253 ita
586 3199 617 3253 ut
637 3194 830 3253 testimonium
854 3191 1006 3263 Aristidis,
1027 3193 1080 3271 ‚qui
1101 3192 1245 3253 nobilibus
1269 3197 1299 3252 et
1320 3191 1382 3252 iliu·

215 3296 323 3356 stribus
340 3296 407 3356 viris
429 3301 620 3373 temperatum
643 3315 705 3356 esse
720 3296 876 3369 contendit,
899 3297 929 3354 in
945 3295 1151 3355 dubitationem
1167 3295 1258 3372 possit
1273 3295 1381 3355 vocari.

215 3399 351 3460 Fortasse
374 3419 447 3477 quae
468 3399 544 3459 inter
566 3419 597 3459 se
618 3399 800 3476 discrepant,
833 3399 874 3457 ita
890 3400 891 3404 ’
907 3396 1051 3458 conciliari
1072 3403 1207 3475 possunt,
1242 3403 1274 3457 ut
1298 3397 1383 3458 initio

216 3505 253 3562 A.
276 3503 346 3561 vitia
373 3507 484 3561 tantum
513 3501 678 3580 aequalium
706 3501 891 3578 castigavisse
914 3505 1089 3575 statuemur,
1117 3505 1215 3577 postea
1237 3515 1308 3560 vero
1340 3501 1384 3561 ira

216 3606 359 3681 utrimque
389 3601 429 3682 (v.
453 3604 535 3665 Pind.
560 3604 641 3682 Pyth.
665 3604 689 3664 ΙΙ
721 3608 778 3666 100
806 3622 870 3663 cum
898 3602 986 3662 schol.
1011 3607 1041 3661 et
1068 3599 1151 3661 Ovid.
1182 3601 1222 3662 Ib.
1247 3600 1322 3676 523)
1352 3602 1385 3662 in

136 3718 139 3724 '
216 3709 278 3768 dies
305 3713 388 3778 aucta
415 3715 444 3769 et
471 3709 640 3768 exacerbata
670 3708 813 3785 plerisque
841 3705 974 3765 omnibus
1002 3709 1031 3764 et
1054 3702 1235 3764 maledixisse
1264 3709 1294 3764 et
1316 3704 1384 3765 odio

215 3812 313 3872 fuisse.
358 3809 415 3871 Sed
437 3813 508 3871 haec
529 3818 595 3871 sunt
616 3813 731 3871 incerta.
777 3808 808 3868 ld
840 3814 955 3869 constat
976 3806 1214 3883 vituperationem
1236 3807 1299 3866 eius
1322 3812 1383 3866 tam

217 3915 360 3993 propriam
382 3914 484 3990 fuisse,
513 3921 545 3974 ut
567 3933 670 3973 nomeu
692 3912 856 3973 Archilochi
885 3917 1031 3988 tamquam
1059 3908 1191 3968 maledici
1213 3909 1244 3968 in
1264 3928 1384 3986 prover-

217 4018 296 4077 bium
319 4017 427 4092 abiret,
456 4018 536 4077 cuius
563 4018 605 4075 rei
627 4016 790 4076 testimonia
813 4034 830 4075 a
852 4013 979 4074 Liebelio
1009 4016 1145 4086 congesta
1167 4014 1236 4070 sunt
1256 4010 1286 4069 in
1308 4030 1386 4072 com·

217 4125 305 4181 ment.
329 4121 345 4196 ξ
363 4120 441 4197 XVI,
462 4140 500 4180 m.

218 4268 350 4336 posterior
375 4273 438 4322 ante
464 4268 551 4336 ipsum
573 4267 641 4340 forte
664 4266 695 4318 fr.
715 4267 748 4321 57
765 4262 921 4319 collocanda
938 4267 992 4326 est,
1018 4263 1057 4316 ita
1074 4266 1104 4315 ut
1121 4261 1267 4330 iungentur
1284 4263 1384 4316 rerba:

725 4393 729 4402 .
744 4392 749 4403 .
764 4394 769 4404 .
784 4348 1057 4418 διαβεβοστρνχωμένον

438 4439 487 4490 Τὸν
506 4436 674 4508 κεροπλάστην
693 4434 755 4488 ἄειδε
772 4435 944 4488 Γλαῦκον...
1010 4447 1013 4453 ’
