<?xml version="1.0" encoding="UTF-8"?>
<!DOCTYPE html PUBLIC "-//W3C//DTD XHTML 1.0 Transitional//EN"
    "http://www.w3.org/TR/xhtml1/DTD/xhtml1-transitional.dtd">
<html xmlns="http://www.w3.org/1999/xhtml" xml:lang="en" lang="en">
 <head>
  <title>
</title>
<meta http-equiv="Content-Type" content="text/html;charset=utf-8" />
  <meta name='ocr-system' content='tesseract 3.04.00' />
  <meta name='ocr-capabilities' content='ocr_page ocr_carea ocr_par ocr_line ocrx_word'/>
</head>
<body>
  <div class='ocr_page' id='page_1' title='image "archilochopario00deutgoog_0059.png"; bbox 0 0 2864 5002; ppageno 0'>
   <div class='ocr_carea' id='block_1_1' title="bbox 780 357 818 414">
    <p class='ocr_par' dir='ltr' id='par_1_1' title="bbox 780 357 818 414">
     <span class='ocr_line' id='line_1_1' title="bbox 780 357 818 414; baseline -0.053 0"><span class='ocrx_word' id='word_1_1' title='bbox 780 357 818 414; x_wconf 69' lang='lat'><strong>5⁸2</strong></span> 
     </span>
    </p>
   </div>
   <div class='ocr_carea' id='block_1_2' title="bbox 214 556 1381 735">
    <p class='ocr_par' dir='ltr' id='par_1_2' title="bbox 214 556 1381 735">
     <span class='ocr_line' id='line_1_2' title="bbox 215 556 1381 635; baseline 0.003 -21"><span class='ocrx_word' id='word_1_2' title='bbox 215 557 283 615; x_wconf 91' lang='lat' dir='ltr'><strong>nino</strong></span> <span class='ocrx_word' id='word_1_3' title='bbox 305 575 391 632; x_wconf 89' lang='lat' dir='ltr'><strong>supra</strong></span> <span class='ocrx_word' id='word_1_4' title='bbox 414 557 487 630; x_wconf 87' lang='lat' dir='ltr'>dixi,</span> <span class='ocrx_word' id='word_1_5' title='bbox 516 556 586 616; x_wconf 92' lang='lat' dir='ltr'><strong>satis</strong></span> <span class='ocrx_word' id='word_1_6' title='bbox 610 558 835 616; x_wconf 85' lang='lat' dir='ltr'><strong>demonstratum</strong></span> <span class='ocrx_word' id='word_1_7' title='bbox 858 562 942 633; x_wconf 91' lang='lat' dir='ltr'><strong>puto,</strong></span> <span class='ocrx_word' id='word_1_8' title='bbox 974 562 1080 635; x_wconf 89' lang='lat' dir='ltr'><strong>quanta</strong></span> <span class='ocrx_word' id='word_1_9' title='bbox 1104 556 1268 618; x_wconf 80' lang='lat' dir='ltr'><strong>Archilochi</strong></span> <span class='ocrx_word' id='word_1_10' title='bbox 1292 558 1381 619; x_wconf 77' lang='lat' dir='ltr'><strong>faerit</strong></span> 
     </span>
     <span class='ocr_line' id='line_1_3' title="bbox 214 657 878 735; baseline 0 -19"><span class='ocrx_word' id='word_1_11' title='bbox 214 657 253 716; x_wconf 68' lang='lat' dir='ltr'><strong>in&#39;</strong></span> <span class='ocrx_word' id='word_1_12' title='bbox 267 658 365 716; x_wconf 89' lang='lat' dir='ltr'><strong>metris</strong></span> <span class='ocrx_word' id='word_1_13' title='bbox 388 657 529 735; x_wconf 85' lang='lat' dir='ltr'><strong>fingendis</strong></span> <span class='ocrx_word' id='word_1_14' title='bbox 552 657 678 717; x_wconf 90' lang='lat' dir='ltr'><strong>sollertia</strong></span> <span class='ocrx_word' id='word_1_15' title='bbox 699 662 728 717; x_wconf 90' lang='lat' dir='ltr'><strong>et</strong></span> <span class='ocrx_word' id='word_1_16' title='bbox 753 658 878 717; x_wconf 89' lang='lat' dir='ltr'><strong>ubertas.</strong></span> 
     </span>
    </p>
   </div>
   <div class='ocr_carea' id='block_1_3' title="bbox 213 851 1387 4526">
    <p class='ocr_par' dir='ltr' id='par_1_3' title="bbox 214 851 1382 1246">
     <span class='ocr_line' id='line_1_4' title="bbox 297 851 1382 925; baseline 0.005 -5"><span class='ocrx_word' id='word_1_17' title='bbox 297 860 396 920; x_wconf 83' lang='lat' dir='ltr'><strong>Restat</strong></span> <span class='ocrx_word' id='word_1_18' title='bbox 417 865 449 919; x_wconf 92' lang='lat' dir='ltr'><strong>ut</strong></span> <span class='ocrx_word' id='word_1_19' title='bbox 482 851 529 920; x_wconf 79' lang='lat' dir='ltr'><strong>DE</strong></span> <span class='ocrx_word' id='word_1_20' title='bbox 552 851 802 922; x_wconf 76' lang='grc' dir='ltr'>ΗΕῧΙῘΑΤΙῦΝΕ</span> <span class='ocrx_word' id='word_1_21' title='bbox 834 861 970 921; x_wconf 75' lang='lat' dir='ltr'>disseram</span> <span class='ocrx_word' id='word_1_22' title='bbox 1001 863 1156 921; x_wconf 84' lang='lat' dir='ltr'><strong>carminum</strong></span> <span class='ocrx_word' id='word_1_23' title='bbox 1185 864 1382 925; x_wconf 84' lang='lat' dir='ltr'><strong>archilocheo</strong></span> 
     </span>
     <span class='ocr_line' id='line_1_5' title="bbox 217 945 1380 1042; baseline 0.005 -22"><span class='ocrx_word' id='word_1_24' title='bbox 217 945 291 1020; x_wconf 68' lang='lat' dir='ltr'><strong>rums</strong></span> <span class='ocrx_word' id='word_1_25' title='bbox 326 960 387 1036; x_wconf 83' lang='lat' dir='ltr'><strong>Qua</strong></span> <span class='ocrx_word' id='word_1_26' title='bbox 409 963 438 1022; x_wconf 89' lang='lat' dir='ltr'><strong>iu</strong></span> <span class='ocrx_word' id='word_1_27' title='bbox 462 981 548 1041; x_wconf 92' lang='lat' dir='ltr'><strong>opera</strong></span> <span class='ocrx_word' id='word_1_28' title='bbox 571 963 755 1021; x_wconf 86' lang='lat' dir='ltr'><strong>brevissimus</strong></span> <span class='ocrx_word' id='word_1_29' title='bbox 778 980 840 1021; x_wconf 89' lang='lat' dir='ltr'><strong>esse</strong></span> <span class='ocrx_word' id='word_1_30' title='bbox 862 963 961 1022; x_wconf 87' lang='lat' dir='ltr'><strong>iubeor</strong></span> <span class='ocrx_word' id='word_1_31' title='bbox 982 964 1209 1023; x_wconf 72' lang='lat' dir='ltr'><strong>testimoniorum</strong></span> <span class='ocrx_word' id='word_1_32' title='bbox 1234 967 1380 1042; x_wconf 80' lang='lat' dir='ltr'><strong>paucitate</strong></span> 
     </span>
     <span class='ocr_line' id='line_1_6' title="bbox 215 1065 1380 1146; baseline 0.003 -22"><span class='ocrx_word' id='word_1_33' title='bbox 215 1071 243 1125; x_wconf 88' lang='lat' dir='ltr'><strong>et</strong></span> <span class='ocrx_word' id='word_1_34' title='bbox 276 1066 436 1141; x_wconf 83' lang='lat' dir='ltr'><strong>exiguitate.</strong></span> <span class='ocrx_word' id='word_1_35' title='bbox 481 1065 560 1126; x_wconf 88' lang='lat' dir='ltr'><strong>Nihil</strong></span> <span class='ocrx_word' id='word_1_36' title='bbox 593 1067 666 1125; x_wconf 88' lang='lat' dir='ltr'><strong>enim</strong></span> <span class='ocrx_word' id='word_1_37' title='bbox 698 1066 755 1124; x_wconf 86' lang='lat' dir='ltr'><strong>tere</strong></span> <span class='ocrx_word' id='word_1_38' title='bbox 787 1065 822 1125; x_wconf 93' lang='lat' dir='ltr'><strong>de</strong></span> <span class='ocrx_word' id='word_1_39' title='bbox 851 1065 906 1124; x_wconf 91' lang='lat' dir='ltr'><strong>hac</strong></span> <span class='ocrx_word' id='word_1_40' title='bbox 938 1084 969 1125; x_wconf 90' lang='lat' dir='ltr'><strong>re</strong></span> <span class='ocrx_word' id='word_1_41' title='bbox 992 1071 1090 1126; x_wconf 88' lang='lat' dir='ltr'><strong>notum</strong></span> <span class='ocrx_word' id='word_1_42' title='bbox 1119 1073 1163 1126; x_wconf 89' lang='lat' dir='ltr'><strong>est</strong></span> <span class='ocrx_word' id='word_1_43' title='bbox 1190 1085 1277 1145; x_wconf 89' lang='lat' dir='ltr'><strong>quam</strong></span> <span class='ocrx_word' id='word_1_44' title='bbox 1302 1068 1380 1146; x_wconf 89' lang='lat' dir='ltr'><strong>quod</strong></span> 
     </span>
     <span class='ocr_line' id='line_1_7' title="bbox 214 1165 1347 1246; baseline 0.003 -20"><span class='ocrx_word' id='word_1_45' title='bbox 214 1166 384 1227; x_wconf 82' lang='lat' dir='ltr'><strong>Plutarchus</strong></span> <span class='ocrx_word' id='word_1_46' title='bbox 406 1170 534 1246; x_wconf 88' lang='lat' dir='ltr'><strong>praehet,</strong></span> <span class='ocrx_word' id='word_1_47' title='bbox 558 1169 639 1227; x_wconf 90' lang='lat' dir='ltr'><strong>cuius</strong></span> <span class='ocrx_word' id='word_1_48' title='bbox 660 1172 752 1227; x_wconf 90' lang='lat' dir='ltr'><strong>totum</strong></span> <span class='ocrx_word' id='word_1_49' title='bbox 767 1168 867 1227; x_wconf 88' lang='lat' dir='ltr'><strong>locum</strong></span> <span class='ocrx_word' id='word_1_50' title='bbox 890 1184 977 1244; x_wconf 90' lang='lat' dir='ltr'><strong>supra</strong></span> <span class='ocrx_word' id='word_1_51' title='bbox 1000 1165 1057 1227; x_wconf 87' lang='lat' dir='ltr'><strong>iam</strong></span> <span class='ocrx_word' id='word_1_52' title='bbox 1080 1170 1216 1246; x_wconf 83' lang='lat' dir='ltr'><strong>exscripsi</strong></span> <span class='ocrx_word' id='word_1_53' title='bbox 1238 1188 1269 1246; x_wconf 91' lang='lat' dir='ltr'><strong>p.</strong></span> <span class='ocrx_word' id='word_1_54' title='bbox 1295 1171 1347 1230; x_wconf 76' lang='lat'><strong>22.</strong></span> 
     </span>
    </p>

    <p class='ocr_par' dir='ltr' id='par_1_4' title="bbox 215 1264 1382 3188">
     <span class='ocr_line' id='line_1_8' title="bbox 298 1264 1378 1352; baseline 0.004 -23"><span class='ocrx_word' id='word_1_55' title='bbox 298 1270 340 1329; x_wconf 91' lang='lat' dir='ltr'><strong>Ac</strong></span> <span class='ocrx_word' id='word_1_56' title='bbox 361 1264 612 1352; x_wconf 67' lang='grc' dir='ltr'>παρακκταλογή,</span> <span class='ocrx_word' id='word_1_57' title='bbox 636 1287 721 1346; x_wconf 89' lang='lat' dir='ltr'><strong>quam</strong></span> <span class='ocrx_word' id='word_1_58' title='bbox 745 1267 915 1328; x_wconf 86' lang='lat' dir='ltr'><strong>Plutarchus</strong></span> <span class='ocrx_word' id='word_1_59' title='bbox 938 1266 1109 1329; x_wconf 84' lang='lat' dir='ltr'><strong>Archilocho</strong></span> <span class='ocrx_word' id='word_1_60' title='bbox 1131 1271 1233 1330; x_wconf 87' lang='lat' dir='ltr'><strong>tribuit</strong></span> <span class='ocrx_word' id='word_1_61' title='bbox 1253 1270 1319 1332; x_wconf 88' lang='lat' dir='ltr'><strong>loco</strong></span> <span class='ocrx_word' id='word_1_62' title='bbox 1344 1271 1378 1346; x_wconf 82' lang='lat' dir='ltr'><strong>G,</strong></span> 
     </span>
     <span class='ocr_line' id='line_1_9' title="bbox 215 1371 1381 1462; baseline 0.003 -32"><span class='ocrx_word' id='word_1_63' title='bbox 215 1371 281 1450; x_wconf 90' lang='lat' dir='ltr'><strong>quid</strong></span> <span class='ocrx_word' id='word_1_64' title='bbox 305 1373 422 1431; x_wconf 90' lang='lat' dir='ltr'><strong>sitnon</strong></span> <span class='ocrx_word' id='word_1_65' title='bbox 444 1374 501 1431; x_wconf 92' lang='lat' dir='ltr'><strong>iam</strong></span> <span class='ocrx_word' id='word_1_66' title='bbox 523 1391 594 1449; x_wconf 91' lang='lat' dir='ltr'><strong>opus</strong></span> <span class='ocrx_word' id='word_1_67' title='bbox 613 1377 660 1462; x_wconf 81' lang='lat' dir='ltr'><strong>est</strong></span> <span class='ocrx_word' id='word_1_68' title='bbox 683 1371 829 1431; x_wconf 91' lang='lat' dir='ltr'><strong>consulere</strong></span> <span class='ocrx_word' id='word_1_69' title='bbox 855 1372 1010 1430; x_wconf 89' lang='lat' dir='ltr'><strong>sententias</strong></span> <span class='ocrx_word' id='word_1_70' title='bbox 1032 1373 1159 1449; x_wconf 87' lang='lat' dir='ltr'><strong>priorum</strong></span> <span class='ocrx_word' id='word_1_71' title='bbox 1179 1372 1381 1450; x_wconf 85' lang='lat' dir='ltr'><strong>interpretum,</strong></span> 
     </span>
     <span class='ocr_line' id='line_1_10' title="bbox 216 1474 1381 1555; baseline 0.004 -24"><span class='ocrx_word' id='word_1_72' title='bbox 216 1475 264 1550; x_wconf 90' lang='lat' dir='ltr'><strong>qui</strong></span> <span class='ocrx_word' id='word_1_73' title='bbox 287 1474 318 1532; x_wconf 93' lang='lat' dir='ltr'><strong>in</strong></span> <span class='ocrx_word' id='word_1_74' title='bbox 340 1493 439 1535; x_wconf 89' lang='lat' dir='ltr'><strong>omnes</strong></span> <span class='ocrx_word' id='word_1_75' title='bbox 466 1480 563 1552; x_wconf 89' lang='lat' dir='ltr'><strong>partes</strong></span> <span class='ocrx_word' id='word_1_76' title='bbox 586 1474 782 1533; x_wconf 90' lang='lat' dir='ltr'><strong>discesserunt</strong></span> <span class='ocrx_word' id='word_1_77' title='bbox 811 1491 904 1552; x_wconf 89' lang='lat' dir='ltr'><strong>neque</strong></span> <span class='ocrx_word' id='word_1_78' title='bbox 926 1478 1021 1533; x_wconf 89' lang='lat' dir='ltr'><strong>tamen</strong></span> <span class='ocrx_word' id='word_1_79' title='bbox 1050 1474 1196 1550; x_wconf 87' lang='lat' dir='ltr'><strong>probabile</strong></span> <span class='ocrx_word' id='word_1_80' title='bbox 1219 1475 1381 1555; x_wconf 88' lang='lat' dir='ltr'><strong>quidquam</strong></span> 
     </span>
     <span class='ocr_line' id='line_1_11' title="bbox 215 1564 1382 1655; baseline 0.004 -21"><span class='ocrx_word' id='word_1_81' title='bbox 215 1576 404 1652; x_wconf 91' lang='lat' dir='ltr'><strong>protulerunt.</strong></span> <span class='ocrx_word' id='word_1_82' title='bbox 450 1576 570 1653; x_wconf 82' lang='lat' dir='ltr'><strong>Cognita</strong></span> <span class='ocrx_word' id='word_1_83' title='bbox 603 1564 691 1635; x_wconf 78' lang='lat' dir='ltr'><strong>nuuc¹</strong></span> <span class='ocrx_word' id='word_1_84' title='bbox 710 1576 820 1635; x_wconf 90' lang='lat' dir='ltr'><strong>rationo</strong></span> <span class='ocrx_word' id='word_1_85' title='bbox 849 1575 995 1634; x_wconf 85' lang='lat' dir='ltr'><strong>Plutarchi</strong></span> <span class='ocrx_word' id='word_1_86' title='bbox 1027 1574 1099 1652; x_wconf 91' lang='lat' dir='ltr'><strong>loci,</strong></span> <span class='ocrx_word' id='word_1_87' title='bbox 1134 1593 1190 1654; x_wconf 90' lang='lat' dir='ltr'><strong>qua</strong></span> <span class='ocrx_word' id='word_1_88' title='bbox 1220 1578 1382 1655; x_wconf 82' lang='lat' dir='ltr'><strong>particulae</strong></span> 
     </span>
     <span class='ocr_line' id='line_1_12' title="bbox 215 1676 1381 1758; baseline 0.003 -22"><span class='ocrx_word' id='word_1_89' title='bbox 215 1678 357 1739; x_wconf 84' lang='lat' dir='ltr'><strong>ABGD</strong></span> <span class='ocrx_word' id='word_1_90' title='bbox 380 1680 510 1756; x_wconf 91' lang='lat' dir='ltr'><strong>pluribus</strong></span> <span class='ocrx_word' id='word_1_91' title='bbox 533 1679 608 1738; x_wconf 84' lang='lat' dir='ltr'><strong>inira</strong></span> <span class='ocrx_word' id='word_1_92' title='bbox 629 1678 823 1752; x_wconf 84' lang='lat' dir='ltr'><strong>illustrantur,</strong></span> <span class='ocrx_word' id='word_1_93' title='bbox 858 1676 988 1736; x_wconf 89' lang='lat' dir='ltr'><strong>dubitare</strong></span> <span class='ocrx_word' id='word_1_94' title='bbox 1020 1696 1076 1737; x_wconf 89' lang='lat' dir='ltr'><strong>uon</strong></span> <span class='ocrx_word' id='word_1_95' title='bbox 1106 1696 1274 1756; x_wconf 86' lang='lat' dir='ltr'><strong>possumus,</strong></span> <span class='ocrx_word' id='word_1_96' title='bbox 1310 1681 1381 1758; x_wconf 89' lang='lat' dir='ltr'><strong>quin</strong></span> 
     </span>
     <span class='ocr_line' id='line_1_13' title="bbox 217 1779 1381 1859; baseline 0.003 -20"><span class='ocrx_word' id='word_1_97' title='bbox 217 1779 435 1856; x_wconf 85' lang='lat' dir='ltr'><strong>intellegendum</strong></span> <span class='ocrx_word' id='word_1_98' title='bbox 453 1781 499 1856; x_wconf 86' lang='lat' dir='ltr'><strong>sit,</strong></span> <span class='ocrx_word' id='word_1_99' title='bbox 523 1781 597 1859; x_wconf 87' lang='lat' dir='ltr'><strong>quod</strong></span> <span class='ocrx_word' id='word_1_100' title='bbox 622 1781 652 1839; x_wconf 93' lang='lat' dir='ltr'><strong>in</strong></span> <span class='ocrx_word' id='word_1_101' title='bbox 675 1780 763 1840; x_wconf 87' lang='lat' dir='ltr'><strong>lexico</strong></span> <span class='ocrx_word' id='word_1_102' title='bbox 787 1798 840 1840; x_wconf 93' lang='lat' dir='ltr'><strong>suo</strong></span> <span class='ocrx_word' id='word_1_103' title='bbox 862 1780 917 1838; x_wconf 90' lang='lat' dir='ltr'><strong>iam</strong></span> <span class='ocrx_word' id='word_1_104' title='bbox 942 1779 1048 1838; x_wconf 88' lang='lat' dir='ltr'><strong>dudum</strong></span> <span class='ocrx_word' id='word_1_105' title='bbox 1065 1782 1224 1858; x_wconf 89' lang='lat' dir='ltr'><strong>suspicatus</strong></span> <span class='ocrx_word' id='word_1_106' title='bbox 1247 1786 1293 1840; x_wconf 87' lang='lat' dir='ltr'><strong>est</strong></span> <span class='ocrx_word' id='word_1_107' title='bbox 1304 1781 1381 1842; x_wconf 92' lang='lat' dir='ltr'><strong>Aen.</strong></span> 
     </span>
     <span class='ocr_line' id='line_1_14' title="bbox 218 1876 1381 1967; baseline 0 -25"><span class='ocrx_word' id='word_1_108' title='bbox 218 1880 410 1942; x_wconf 87' lang='lat' dir='ltr'><strong>Schneiderus</strong></span> <span class='ocrx_word' id='word_1_109' title='bbox 433 1884 482 1960; x_wconf 93' lang='lat' dir='ltr'><strong>qui</strong></span> <span class='ocrx_word' id='word_1_110' title='bbox 503 1889 621 1942; x_wconf 89' lang='lat' dir='ltr'><strong>vocatur</strong></span> <span class='ocrx_word' id='word_1_111' title='bbox 643 1882 726 1958; x_wconf 83' lang='lat' dir='ltr'><strong>Saxo,</strong></span> <span class='ocrx_word' id='word_1_112' title='bbox 749 1881 804 1942; x_wconf 89' lang='lat' dir='ltr'><strong>loci</strong></span> <span class='ocrx_word' id='word_1_113' title='bbox 820 1876 854 1942; x_wconf 72' lang='grc' dir='ltr'><strong>θ’</strong></span> <span class='ocrx_word' id='word_1_114' title='bbox 870 1880 938 1940; x_wconf 92' lang='lat' dir='ltr'><strong>illud</strong></span> <span class='ocrx_word' id='word_1_115' title='bbox 960 1887 1020 1939; x_wconf 81' lang='grc' dir='ltr'><strong>τῶν</strong></span> <span class='ocrx_word' id='word_1_116' title='bbox 1043 1879 1184 1966; x_wconf 80' lang='grc' dir='ltr'>ἰαμβείων</span> <span class='ocrx_word' id='word_1_117' title='bbox 1203 1877 1240 1940; x_wconf 63' lang='grc' dir='ltr'><strong>τὸ</strong></span> <span class='ocrx_word' id='word_1_118' title='bbox 1264 1879 1305 1942; x_wconf 78' lang='grc' dir='ltr'><strong>τὰ</strong></span> <span class='ocrx_word' id='word_1_119' title='bbox 1327 1878 1381 1967; x_wconf 77' lang='grc' dir='ltr'><strong>μὲν</strong></span> 
     </span>
     <span class='ocr_line' id='line_1_15' title="bbox 215 1969 1380 2068; baseline 0.003 -27"><span class='ocrx_word' id='word_1_120' title='bbox 215 1980 358 2068; x_wconf 72' lang='grc' dir='ltr'><strong>λέγεσθαι</strong></span> <span class='ocrx_word' id='word_1_121' title='bbox 386 1981 466 2066; x_wconf 66' lang='grc' dir='ltr'>παρὰ</span> <span class='ocrx_word' id='word_1_122' title='bbox 493 1983 703 2067; x_wconf 65' lang='lat' dir='ltr'><strong>sterpetum,</strong></span> <span class='ocrx_word' id='word_1_123' title='bbox 732 1980 771 2041; x_wconf 77' lang='grc' dir='ltr'><strong>τοὶ</strong></span> <span class='ocrx_word' id='word_1_124' title='bbox 800 1969 833 2042; x_wconf 74' lang='grc' dir='ltr'><strong>δὲ</strong></span> <span class='ocrx_word' id='word_1_125' title='bbox 856 1969 991 2060; x_wconf 59' lang='grc' dir='ltr'><strong>ᾄδεσθαι.</strong></span> <span class='ocrx_word' id='word_1_126' title='bbox 1038 1983 1097 2045; x_wconf 78' lang='lat' dir='ltr'><strong>oa.</strong></span> <span class='ocrx_word' id='word_1_127' title='bbox 1120 1989 1269 2061; x_wconf 87' lang='lat' dir='ltr'><strong>praeterea</strong></span> <span class='ocrx_word' id='word_1_128' title='bbox 1290 1984 1380 2064; x_wconf 88' lang='lat' dir='ltr'><strong>Hesy-</strong></span> 
     </span>
     <span class='ocr_line' id='line_1_16' title="bbox 216 2084 1380 2163; baseline 0.001 -18"><span class='ocrx_word' id='word_1_129' title='bbox 216 2087 272 2146; x_wconf 93' lang='lat' dir='ltr'><strong>chii</strong></span> <span class='ocrx_word' id='word_1_130' title='bbox 294 2084 435 2162; x_wconf 83' lang='lat' dir='ltr'><strong>glossema</strong></span> <span class='ocrx_word' id='word_1_131' title='bbox 463 2089 577 2146; x_wconf 87' lang='lat' dir='ltr'><strong>nomine</strong></span> <span class='ocrx_word' id='word_1_132' title='bbox 598 2085 682 2163; x_wconf 89' lang='lat' dir='ltr'><strong>paulo</strong></span> <span class='ocrx_word' id='word_1_133' title='bbox 716 2085 771 2146; x_wconf 92' lang='lat' dir='ltr'><strong>alio</strong></span> <span class='ocrx_word' id='word_1_134' title='bbox 794 2087 965 2145; x_wconf 89' lang='lat' dir='ltr'><strong>contrariam</strong></span> <span class='ocrx_word' id='word_1_135' title='bbox 986 2085 1047 2145; x_wconf 87' lang='lat' dir='ltr'><strong>r&#39;em</strong></span> <span class='ocrx_word' id='word_1_136' title='bbox 1070 2087 1249 2162; x_wconf 82' lang='lat' dir='ltr'><strong>significans:</strong></span> <span class='ocrx_word' id='word_1_137' title='bbox 1284 2106 1380 2146; x_wconf 80' lang='grc' dir='ltr'>κατα-</span> 
     </span>
     <span class='ocr_line' id='line_1_17' title="bbox 216 2183 1380 2272; baseline 0.003 -26"><span class='ocrx_word' id='word_1_138' title='bbox 216 2184 307 2272; x_wconf 75' lang='grc' dir='ltr'>λογή·</span> <span class='ocrx_word' id='word_1_139' title='bbox 338 2185 373 2247; x_wconf 78' lang='grc' dir='ltr'><strong>τὸ</strong></span> <span class='ocrx_word' id='word_1_140' title='bbox 396 2183 510 2272; x_wconf 79' lang='grc' dir='ltr'>τὰμὲν</span> <span class='ocrx_word' id='word_1_141' title='bbox 533 2191 655 2271; x_wconf 73' lang='grc' dir='ltr'>ᾄσματα</span> <span class='ocrx_word' id='word_1_142' title='bbox 679 2185 719 2271; x_wconf 73' lang='grc' dir='ltr'><strong>μὴ</strong></span> <span class='ocrx_word' id='word_1_143' title='bbox 748 2184 803 2247; x_wconf 77' lang='grc' dir='ltr'><strong>ὑπὸ</strong></span> <span class='ocrx_word' id='word_1_144' title='bbox 827 2183 910 2271; x_wconf 79' lang='grc' dir='ltr'>μέλει</span> <span class='ocrx_word' id='word_1_145' title='bbox 933 2183 1038 2272; x_wconf 77' lang='grc' dir='ltr'>λέγειν.</span> <span class='ocrx_word' id='word_1_146' title='bbox 1084 2189 1198 2249; x_wconf 86' lang='lat' dir='ltr'><strong>lambos</strong></span> <span class='ocrx_word' id='word_1_147' title='bbox 1227 2190 1317 2265; x_wconf 85' lang='lat' dir='ltr'><strong>igitur</strong></span> <span class='ocrx_word' id='word_1_148' title='bbox 1340 2190 1380 2265; x_wconf 88' lang='lat' dir='ltr'><strong>(et</strong></span> 
     </span>
     <span class='ocr_line' id='line_1_18' title="bbox 216 2284 1380 2377; baseline 0.002 -27"><span class='ocrx_word' id='word_1_149' title='bbox 216 2292 417 2377; x_wconf 86' lang='lat' dir='ltr'><strong>tetrametros?</strong></span> <span class='ocrx_word' id='word_1_150' title='bbox 446 2291 500 2350; x_wconf 89' lang='lat' dir='ltr'><strong>vid.</strong></span> <span class='ocrx_word' id='word_1_151' title='bbox 525 2309 612 2368; x_wconf 92' lang='lat' dir='ltr'><strong>supra</strong></span> <span class='ocrx_word' id='word_1_152' title='bbox 640 2311 666 2368; x_wconf 91' lang='lat' dir='ltr'><strong>p.</strong></span> <span class='ocrx_word' id='word_1_153' title='bbox 692 2294 729 2350; x_wconf 69' lang='lat'><strong>28</strong></span> <span class='ocrx_word' id='word_1_154' title='bbox 753 2295 782 2349; x_wconf 93' lang='lat' dir='ltr'><strong>et</strong></span> <span class='ocrx_word' id='word_1_155' title='bbox 804 2290 854 2350; x_wconf 83' lang='lat' dir='ltr'><strong>cfr.</strong></span> <span class='ocrx_word' id='word_1_156' title='bbox 877 2289 949 2349; x_wconf 88' lang='lat' dir='ltr'><strong>Xen.</strong></span> <span class='ocrx_word' id='word_1_157' title='bbox 974 2309 1056 2349; x_wconf 86' lang='lat' dir='ltr'><strong>conv.</strong></span> <span class='ocrx_word' id='word_1_158' title='bbox 1079 2289 1131 2362; x_wconf 87' lang='lat' dir='ltr'><strong>Vl,</strong></span> <span class='ocrx_word' id='word_1_159' title='bbox 1156 2284 1188 2370; x_wconf 88' lang='lat'><strong>3)</strong></span> <span class='ocrx_word' id='word_1_160' title='bbox 1217 2289 1252 2350; x_wconf 93' lang='lat' dir='ltr'><strong>A.</strong></span> <span class='ocrx_word' id='word_1_161' title='bbox 1276 2293 1317 2352; x_wconf 89' lang='lat' dir='ltr'><strong>ita</strong></span> <span class='ocrx_word' id='word_1_162' title='bbox 1340 2311 1380 2352; x_wconf 89' lang='lat' dir='ltr'><strong>re</strong></span> 
     </span>
     <span class='ocr_line' id='line_1_19' title="bbox 219 2392 1380 2471; baseline 0.002 -19"><span class='ocrx_word' id='word_1_163' title='bbox 219 2394 307 2453; x_wconf 91' lang='lat' dir='ltr'><strong>citare</strong></span> <span class='ocrx_word' id='word_1_164' title='bbox 327 2394 427 2470; x_wconf 85' lang='lat' dir='ltr'><strong>coepit,</strong></span> <span class='ocrx_word' id='word_1_165' title='bbox 451 2398 484 2451; x_wconf 90' lang='lat' dir='ltr'><strong>ut</strong></span> <span class='ocrx_word' id='word_1_166' title='bbox 500 2395 605 2471; x_wconf 82' lang='lat' dir='ltr'><strong>„verba</strong></span> <span class='ocrx_word' id='word_1_167' title='bbox 627 2394 729 2471; x_wconf 90' lang='lat' dir='ltr'><strong>partim</strong></span> <span class='ocrx_word' id='word_1_168' title='bbox 746 2398 859 2453; x_wconf 88' lang='lat' dir='ltr'><strong>caneret</strong></span> <span class='ocrx_word' id='word_1_169' title='bbox 873 2392 976 2468; x_wconf 86' lang='lat' dir='ltr'><strong>partim</strong></span> <span class='ocrx_word' id='word_1_170' title='bbox 992 2392 1173 2467; x_wconf 81' lang='lat' dir='ltr'><strong>declamaret,</strong></span> <span class='ocrx_word' id='word_1_171' title='bbox 1195 2393 1266 2452; x_wconf 87' lang='lat' dir='ltr'><strong>fides</strong></span> <span class='ocrx_word' id='word_1_172' title='bbox 1281 2399 1380 2454; x_wconf 88' lang='lat' dir='ltr'><strong>autem</strong></span> 
     </span>
     <span class='ocr_line' id='line_1_20' title="bbox 216 2484 1378 2574; baseline -0.002 -20"><span class='ocrx_word' id='word_1_173' title='bbox 216 2499 274 2554; x_wconf 91' lang='lat' dir='ltr'><strong>tam</strong></span> <span class='ocrx_word' id='word_1_174' title='bbox 298 2500 411 2555; x_wconf 88' lang='lat' dir='ltr'><strong>cautum</strong></span> <span class='ocrx_word' id='word_1_175' title='bbox 436 2514 521 2574; x_wconf 91' lang='lat' dir='ltr'><strong>quam</strong></span> <span class='ocrx_word' id='word_1_176' title='bbox 548 2496 783 2555; x_wconf 85' lang='lat' dir='ltr'><strong>declamationem</strong></span> <span class='ocrx_word' id='word_1_177' title='bbox 814 2484 1061 2571; x_wconf 70' lang='lat' dir='ltr'><strong>prosequeretur“.</strong></span> <span class='ocrx_word' id='word_1_178' title='bbox 1107 2493 1165 2554; x_wconf 79' lang='lat' dir='ltr'><strong>(lfr.</strong></span> <span class='ocrx_word' id='word_1_179' title='bbox 1190 2495 1293 2571; x_wconf 83' lang='lat' dir='ltr'><strong>Bergk.</strong></span> <span class='ocrx_word' id='word_1_180' title='bbox 1320 2496 1378 2556; x_wconf 91' lang='lat' dir='ltr'><strong>ind.</strong></span> 
     </span>
     <span class='ocr_line' id='line_1_21' title="bbox 219 2596 1380 2675; baseline 0.002 -21"><span class='ocrx_word' id='word_1_181' title='bbox 219 2618 246 2675; x_wconf 91' lang='lat' dir='ltr'><strong>p.</strong></span> <span class='ocrx_word' id='word_1_182' title='bbox 272 2598 295 2654; x_wconf 98' lang='lat' dir='ltr'>V</span> <span class='ocrx_word' id='word_1_183' title='bbox 323 2603 351 2656; x_wconf 90' lang='lat' dir='ltr'><strong>et</strong></span> <span class='ocrx_word' id='word_1_184' title='bbox 379 2596 483 2657; x_wconf 85' lang='lat' dir='ltr'><strong>Christ.</strong></span> <span class='ocrx_word' id='word_1_185' title='bbox 512 2603 593 2658; x_wconf 90' lang='lat' dir='ltr'><strong>metr.</strong></span> <span class='ocrx_word' id='word_1_186' title='bbox 617 2618 643 2674; x_wconf 93' lang='lat' dir='ltr'><strong>p.</strong></span> <span class='ocrx_word' id='word_1_187' title='bbox 670 2601 740 2658; x_wconf 82' lang='grc'><strong>656.</strong></span> <span class='ocrx_word' id='word_1_188' title='bbox 784 2596 864 2657; x_wconf 90' lang='lat' dir='ltr'><strong>Hanc</strong></span> <span class='ocrx_word' id='word_1_189' title='bbox 896 2596 1116 2673; x_wconf 82' lang='lat' dir='ltr'><strong>paracatalogen</strong></span> <span class='ocrx_word' id='word_1_190' title='bbox 1146 2597 1318 2657; x_wconf 83' lang='lat' dir='ltr'><strong>Ambrosius</strong></span> <span class='ocrx_word' id='word_1_191' title='bbox 1350 2599 1380 2656; x_wconf 92' lang='lat' dir='ltr'><strong>in</strong></span> 
     </span>
     <span class='ocr_line' id='line_1_22' title="bbox 217 2698 1378 2777; baseline 0.002 -19"><span class='ocrx_word' id='word_1_192' title='bbox 217 2700 285 2759; x_wconf 92' lang='lat' dir='ltr'><strong>hist.</strong></span> <span class='ocrx_word' id='word_1_193' title='bbox 309 2719 380 2759; x_wconf 85' lang='lat' dir='ltr'><strong>mus.</strong></span> <span class='ocrx_word' id='word_1_194' title='bbox 404 2699 416 2760; x_wconf 96' lang='lat' dir='ltr'><strong>l</strong></span> <span class='ocrx_word' id='word_1_195' title='bbox 437 2703 541 2776; x_wconf 70' lang='lat' dir='ltr'><strong>paro</strong></span> <span class='ocrx_word' id='word_1_196' title='bbox 566 2720 598 2759; x_wconf 85' lang='lat' dir='ltr'><strong>ea</strong></span> <span class='ocrx_word' id='word_1_197' title='bbox 621 2701 656 2760; x_wconf 94' lang='lat' dir='ltr'><strong>de</strong></span> <span class='ocrx_word' id='word_1_198' title='bbox 679 2718 764 2760; x_wconf 90' lang='lat' dir='ltr'><strong>causa</strong></span> <span class='ocrx_word' id='word_1_199' title='bbox 784 2698 944 2759; x_wconf 90' lang='lat' dir='ltr'><strong>institutam</strong></span> <span class='ocrx_word' id='word_1_200' title='bbox 968 2705 1077 2773; x_wconf 86' lang='lat' dir='ltr'><strong>censet,</strong></span> <span class='ocrx_word' id='word_1_201' title='bbox 1100 2699 1177 2777; x_wconf 91' lang='lat' dir='ltr'><strong>quod</strong></span> <span class='ocrx_word' id='word_1_202' title='bbox 1199 2700 1283 2760; x_wconf 93' lang='lat' dir='ltr'><strong>homo</strong></span> <span class='ocrx_word' id='word_1_203' title='bbox 1308 2701 1378 2760; x_wconf 88' lang='lat' dir='ltr'><strong>rixis</strong></span> 
     </span>
     <span class='ocr_line' id='line_1_23' title="bbox 220 2800 1380 2880; baseline 0.002 -18"><span class='ocrx_word' id='word_1_204' title='bbox 220 2808 247 2862; x_wconf 91' lang='lat' dir='ltr'><strong>et</strong></span> <span class='ocrx_word' id='word_1_205' title='bbox 269 2803 403 2862; x_wconf 88' lang='lat' dir='ltr'><strong>conviciis</strong></span> <span class='ocrx_word' id='word_1_206' title='bbox 432 2803 545 2862; x_wconf 87' lang='lat' dir='ltr'><strong>deditus</strong></span> <span class='ocrx_word' id='word_1_207' title='bbox 567 2802 724 2862; x_wconf 90' lang='lat' dir='ltr'><strong>cautilenae</strong></span> <span class='ocrx_word' id='word_1_208' title='bbox 746 2803 793 2861; x_wconf 86' lang='lat' dir='ltr'><strong>vix</strong></span> <span class='ocrx_word' id='word_1_209' title='bbox 814 2807 916 2878; x_wconf 91' lang='lat' dir='ltr'><strong>potens</strong></span> <span class='ocrx_word' id='word_1_210' title='bbox 944 2802 981 2860; x_wconf 86' lang='lat' dir='ltr'><strong>sit</strong></span> <span class='ocrx_word' id='word_1_211' title='bbox 1003 2800 1047 2860; x_wconf 80' lang='lat' dir='ltr'><strong>rel</strong></span> <span class='ocrx_word' id='word_1_212' title='bbox 1069 2819 1176 2862; x_wconf 89' lang='lat' dir='ltr'><strong>amans.</strong></span> <span class='ocrx_word' id='word_1_213' title='bbox 1222 2802 1281 2880; x_wconf 80' lang='lat' dir='ltr'><strong>llgo</strong></span> <span class='ocrx_word' id='word_1_214' title='bbox 1305 2803 1380 2865; x_wconf 93' lang='lat' dir='ltr'><strong>hanc</strong></span> 
     </span>
     <span class='ocr_line' id='line_1_24' title="bbox 222 2902 1378 2982; baseline 0.002 -17"><span class='ocrx_word' id='word_1_215' title='bbox 222 2924 336 2965; x_wconf 84' lang='lat' dir='ltr'><strong>causam</strong></span> <span class='ocrx_word' id='word_1_216' title='bbox 359 2907 535 2964; x_wconf 87' lang='lat' dir='ltr'><strong>extrinsecus</strong></span> <span class='ocrx_word' id='word_1_217' title='bbox 558 2910 585 2965; x_wconf 93' lang='lat' dir='ltr'><strong>et</strong></span> <span class='ocrx_word' id='word_1_218' title='bbox 606 2906 700 2964; x_wconf 90' lang='lat' dir='ltr'><strong>minus</strong></span> <span class='ocrx_word' id='word_1_219' title='bbox 723 2910 788 2981; x_wconf 89' lang='lat' dir='ltr'><strong>apte</strong></span> <span class='ocrx_word' id='word_1_220' title='bbox 805 2902 943 2981; x_wconf 86' lang='lat' dir='ltr'><strong>prolatam</strong></span> <span class='ocrx_word' id='word_1_221' title='bbox 966 2905 1067 2964; x_wconf 89' lang='lat' dir='ltr'><strong>reicio:</strong></span> <span class='ocrx_word' id='word_1_222' title='bbox 1090 2904 1145 2964; x_wconf 90' lang='lat' dir='ltr'><strong>hac</strong></span> <span class='ocrx_word' id='word_1_223' title='bbox 1167 2923 1281 2982; x_wconf 88' lang='lat' dir='ltr'><strong>qaoque</strong></span> <span class='ocrx_word' id='word_1_224' title='bbox 1304 2907 1378 2968; x_wconf 86' lang='lat' dir='ltr'><strong>reoi-</strong></span> 
     </span>
     <span class='ocr_line' id='line_1_25' title="bbox 220 3007 1376 3087; baseline 0.001 -20"><span class='ocrx_word' id='word_1_225' title='bbox 220 3010 328 3067; x_wconf 88' lang='lat' dir='ltr'><strong>tatione</strong></span> <span class='ocrx_word' id='word_1_226' title='bbox 352 3009 386 3066; x_wconf 89' lang='lat' dir='ltr'><strong>A.</strong></span> <span class='ocrx_word' id='word_1_227' title='bbox 403 3007 589 3067; x_wconf 88' lang='lat' dir='ltr'><strong>mobilitatem</strong></span> <span class='ocrx_word' id='word_1_228' title='bbox 611 3012 640 3066; x_wconf 91' lang='lat' dir='ltr'><strong>et</strong></span> <span class='ocrx_word' id='word_1_229' title='bbox 662 3007 824 3066; x_wconf 87' lang='lat' dir='ltr'><strong>varietatem</strong></span> <span class='ocrx_word' id='word_1_230' title='bbox 849 3008 960 3067; x_wconf 87' lang='lat' dir='ltr'><strong>videtur</strong></span> <span class='ocrx_word' id='word_1_231' title='bbox 982 3007 1159 3067; x_wconf 82' lang='lat' dir='ltr'><strong>affectavissa</strong></span> <span class='ocrx_word' id='word_1_232' title='bbox 1181 3009 1270 3069; x_wconf 91' lang='lat' dir='ltr'><strong>animi</strong></span> <span class='ocrx_word' id='word_1_233' title='bbox 1291 3028 1376 3087; x_wconf 82' lang='lat' dir='ltr'><strong>argu·</strong></span> 
     </span>
     <span class='ocr_line' id='line_1_26' title="bbox 220 3110 934 3188; baseline -0.001 -19"><span class='ocrx_word' id='word_1_234' title='bbox 220 3111 363 3188; x_wconf 89' lang='lat' dir='ltr'><strong>mentique</strong></span> <span class='ocrx_word' id='word_1_235' title='bbox 385 3110 510 3170; x_wconf 88' lang='lat' dir='ltr'><strong>libertati</strong></span> <span class='ocrx_word' id='word_1_236' title='bbox 532 3116 560 3169; x_wconf 92' lang='lat' dir='ltr'><strong>et</strong></span> <span class='ocrx_word' id='word_1_237' title='bbox 581 3113 688 3187; x_wconf 90' lang='lat' dir='ltr'><strong>impetu</strong></span> <span class='ocrx_word' id='word_1_238' title='bbox 711 3111 934 3170; x_wconf 91' lang='lat' dir='ltr'><strong>convenientem.</strong></span> 
     </span>
    </p>

    <p class='ocr_par' dir='ltr' id='par_1_5' title="bbox 213 3208 1387 4526">
     <span class='ocr_line' id='line_1_27' title="bbox 305 3208 1381 3294; baseline 0.003 -22"><span class='ocrx_word' id='word_1_239' title='bbox 305 3214 434 3292; x_wconf 89' lang='lat' dir='ltr'><strong>Denique</strong></span> <span class='ocrx_word' id='word_1_240' title='bbox 461 3215 479 3279; x_wconf 72' lang='lat' dir='ltr'><strong>r]</strong></span> <span class='ocrx_word' id='word_1_241' title='bbox 507 3210 571 3294; x_wconf 85' lang='grc' dir='ltr'>περὶ</span> <span class='ocrx_word' id='word_1_242' title='bbox 599 3218 696 3270; x_wconf 79' lang='grc' dir='ltr'>ταῦτα</span> <span class='ocrx_word' id='word_1_243' title='bbox 724 3218 838 3293; x_wconf 82' lang='grc' dir='ltr'>κροῦσις</span> <span class='ocrx_word' id='word_1_244' title='bbox 861 3208 911 3294; x_wconf 80' lang='lat' dir='ltr'><strong>(D)</strong></span> <span class='ocrx_word' id='word_1_245' title='bbox 927 3212 1023 3273; x_wconf 85' lang='lat' dir='ltr'><strong>-facile</strong></span> <span class='ocrx_word' id='word_1_246' title='bbox 1050 3213 1226 3291; x_wconf 82' lang='lat' dir='ltr'><strong>intellegitur</strong></span> <span class='ocrx_word' id='word_1_247' title='bbox 1252 3232 1318 3275; x_wconf 89' lang='lat' dir='ltr'><strong>esse</strong></span> <span class='ocrx_word' id='word_1_248' title='bbox 1340 3217 1381 3275; x_wconf 91' lang='lat' dir='ltr'><strong>in-</strong></span> 
     </span>
     <span class='ocr_line' id='line_1_28' title="bbox 221 3313 1382 3395; baseline 0.002 -18"><span class='ocrx_word' id='word_1_249' title='bbox 221 3322 443 3378; x_wconf 89' lang='lat' dir='ltr'><strong>strumentorum</strong></span> <span class='ocrx_word' id='word_1_250' title='bbox 467 3316 591 3393; x_wconf 91' lang='lat' dir='ltr'><strong>pulsatio</strong></span> <span class='ocrx_word' id='word_1_251' title='bbox 613 3316 658 3375; x_wconf 93' lang='lat' dir='ltr'><strong>his</strong></span> <span class='ocrx_word' id='word_1_252' title='bbox 681 3315 775 3389; x_wconf 84' lang='lat' dir='ltr'><strong>(novis</strong></span> <span class='ocrx_word' id='word_1_253' title='bbox 798 3315 908 3393; x_wconf 84' lang='lat' dir='ltr'><strong>metris)</strong></span> <span class='ocrx_word' id='word_1_254' title='bbox 939 3317 1081 3393; x_wconf 89' lang='lat' dir='ltr'><strong>adaptata.</strong></span> <span class='ocrx_word' id='word_1_255' title='bbox 1127 3313 1184 3376; x_wconf 86' lang='lat' dir='ltr'><strong>Sed</strong></span> <span class='ocrx_word' id='word_1_256' title='bbox 1212 3335 1285 3395; x_wconf 88' lang='lat' dir='ltr'><strong>quac</strong></span> <span class='ocrx_word' id='word_1_257' title='bbox 1306 3319 1382 3380; x_wconf 84' lang='lat' dir='ltr'><strong>iufra</strong></span> 
     </span>
     <span class='ocr_line' id='line_1_29' title="bbox 221 3410 1382 3500; baseline -0.001 -19"><span class='ocrx_word' id='word_1_258' title='bbox 221 3428 378 3500; x_wconf 90' lang='lat' dir='ltr'><strong>sequuntur</strong></span> <span class='ocrx_word' id='word_1_259' title='bbox 404 3419 465 3478; x_wconf 96' lang='lat' dir='ltr'><strong>loco</strong></span> <span class='ocrx_word' id='word_1_260' title='bbox 487 3413 523 3477; x_wconf 88' lang='lat' dir='ltr'><strong>D&#39;</strong></span> <span class='ocrx_word' id='word_1_261' title='bbox 547 3419 632 3478; x_wconf 92' lang='lat' dir='ltr'><strong>verba</strong></span> <span class='ocrx_word' id='word_1_262' title='bbox 661 3420 735 3479; x_wconf 91' lang='lat' dir='ltr'><strong>hanc</strong></span> <span class='ocrx_word' id='word_1_263' title='bbox 762 3419 950 3496; x_wconf 91' lang='lat' dir='ltr'><strong>pulsationem</strong></span> <span class='ocrx_word' id='word_1_264' title='bbox 979 3418 1160 3496; x_wconf 86' lang='lat' dir='ltr'><strong>explicantia:</strong></span> <span class='ocrx_word' id='word_1_265' title='bbox 1196 3412 1325 3478; x_wconf 82' lang='grc' dir='ltr'>Οἴονται</span> <span class='ocrx_word' id='word_1_266' title='bbox 1348 3410 1382 3480; x_wconf 79' lang='grc' dir='ltr'><strong>δὲ</strong></span> 
     </span>
     <span class='ocr_line' id='line_1_30' title="bbox 220 3507 1383 3605; baseline 0.002 -25"><span class='ocrx_word' id='word_1_267' title='bbox 220 3521 270 3581; x_wconf 80' lang='grc' dir='ltr'><strong>καὶ</strong></span> <span class='ocrx_word' id='word_1_268' title='bbox 303 3519 358 3588; x_wconf 71' lang='grc' dir='ltr'><strong>τήν</strong></span> <span class='ocrx_word' id='word_1_269' title='bbox 385 3527 501 3604; x_wconf 81' lang='grc' dir='ltr'>κροῦσιν</span> <span class='ocrx_word' id='word_1_270' title='bbox 534 3519 588 3588; x_wconf 76' lang='grc' dir='ltr'><strong>τὴν</strong></span> <span class='ocrx_word' id='word_1_271' title='bbox 616 3521 672 3580; x_wconf 79' lang='grc' dir='ltr'><strong>ὑπὸ</strong></span> <span class='ocrx_word' id='word_1_272' title='bbox 700 3518 756 3587; x_wconf 66' lang='grc' dir='ltr'><strong>τήν</strong></span> <span class='ocrx_word' id='word_1_273' title='bbox 785 3507 864 3598; x_wconf 59' lang='grc' dir='ltr'><strong>ᾠδὴν</strong></span> <span class='ocrx_word' id='word_1_274' title='bbox 891 3527 997 3580; x_wconf 77' lang='grc' dir='ltr'>τοῦτον</span> <span class='ocrx_word' id='word_1_275' title='bbox 1026 3527 1143 3603; x_wconf 82' lang='grc' dir='ltr'>πρῶτον</span> <span class='ocrx_word' id='word_1_276' title='bbox 1172 3523 1277 3605; x_wconf 80' lang='grc' dir='ltr'>εὑρεῖν,</span> <span class='ocrx_word' id='word_1_277' title='bbox 1312 3520 1383 3595; x_wconf 81' lang='grc' dir='ltr'>τοὺς</span> 
     </span>
     <span class='ocr_line' id='line_1_31' title="bbox 222 3610 1382 3709; baseline 0.004 -26"><span class='ocrx_word' id='word_1_278' title='bbox 222 3610 247 3683; x_wconf 73' lang='grc' dir='ltr'><strong>δ’</strong></span> <span class='ocrx_word' id='word_1_279' title='bbox 269 3622 408 3709; x_wconf 73' lang='grc' dir='ltr'>ἀρχαίους</span> <span class='ocrx_word' id='word_1_280' title='bbox 428 3620 542 3693; x_wconf 77' lang='grc' dir='ltr'>πάντας</span> <span class='ocrx_word' id='word_1_281' title='bbox 565 3621 769 3702; x_wconf 88' lang='lat' dir='ltr'><strong>(Westphalius</strong></span> <span class='ocrx_word' id='word_1_282' title='bbox 791 3619 901 3700; x_wconf 81' lang='grc' dir='ltr'>πάντα)</span> <span class='ocrx_word' id='word_1_283' title='bbox 924 3611 1088 3708; x_wconf 71' lang='grc' dir='ltr'>πρόςχορδα</span> <span class='ocrx_word' id='word_1_284' title='bbox 1109 3620 1237 3708; x_wconf 83' lang='grc' dir='ltr'>κρούειν,</span> <span class='ocrx_word' id='word_1_285' title='bbox 1266 3644 1302 3686; x_wconf 86' lang='lat' dir='ltr'><strong>aa</strong></span> <span class='ocrx_word' id='word_1_286' title='bbox 1324 3624 1382 3688; x_wconf 84' lang='lat' dir='ltr'><strong>non</strong></span> 
     </span>
     <span class='ocr_line' id='line_1_32' title="bbox 220 3726 1381 3805; baseline 0 -15"><span class='ocrx_word' id='word_1_287' title='bbox 220 3731 287 3790; x_wconf 91' lang='lat' dir='ltr'><strong>item</strong></span> <span class='ocrx_word' id='word_1_288' title='bbox 322 3736 389 3788; x_wconf 90' lang='lat' dir='ltr'><strong>sunt</strong></span> <span class='ocrx_word' id='word_1_289' title='bbox 422 3729 581 3805; x_wconf 90' lang='lat' dir='ltr'><strong>perspicua.</strong></span> <span class='ocrx_word' id='word_1_290' title='bbox 637 3726 834 3786; x_wconf 85' lang='lat' dir='ltr'><strong>Volkmaunus</strong></span> <span class='ocrx_word' id='word_1_291' title='bbox 867 3745 894 3803; x_wconf 94' lang='lat' dir='ltr'><strong>p.</strong></span> <span class='ocrx_word' id='word_1_292' title='bbox 922 3729 979 3786; x_wconf 81' lang='lat'><strong>119</strong></span> <span class='ocrx_word' id='word_1_293' title='bbox 1014 3726 1125 3787; x_wconf 88' lang='lat' dir='ltr'><strong>collatis</strong></span> <span class='ocrx_word' id='word_1_294' title='bbox 1157 3727 1227 3786; x_wconf 89' lang='lat' dir='ltr'><strong>locis</strong></span> <span class='ocrx_word' id='word_1_295' title='bbox 1259 3726 1381 3790; x_wconf 81' lang='lat' dir='ltr'><strong>Aristot.</strong></span> 
     </span>
     <span class='ocr_line' id='line_1_33' title="bbox 221 3826 1383 3911; baseline 0 -19"><span class='ocrx_word' id='word_1_296' title='bbox 221 3831 314 3911; x_wconf 90' lang='lat' dir='ltr'><strong>probl.</strong></span> <span class='ocrx_word' id='word_1_297' title='bbox 337 3831 414 3908; x_wconf 82' lang='lat' dir='ltr'>XIX,</span> <span class='ocrx_word' id='word_1_298' title='bbox 439 3833 476 3889; x_wconf 83' lang='lat'><strong>39</strong></span> <span class='ocrx_word' id='word_1_299' title='bbox 500 3836 529 3888; x_wconf 89' lang='lat' dir='ltr'><strong>et</strong></span> <span class='ocrx_word' id='word_1_300' title='bbox 548 3831 621 3890; x_wconf 88' lang='lat' dir='ltr'><strong>Plat.</strong></span> <span class='ocrx_word' id='word_1_301' title='bbox 645 3831 697 3906; x_wconf 83' lang='lat' dir='ltr'><strong>leg.</strong></span> <span class='ocrx_word' id='word_1_302' title='bbox 714 3829 763 3889; x_wconf 88' lang='lat' dir='ltr'><strong>VH</strong></span> <span class='ocrx_word' id='word_1_303' title='bbox 785 3848 811 3906; x_wconf 91' lang='lat' dir='ltr'><strong>p.</strong></span> <span class='ocrx_word' id='word_1_304' title='bbox 830 3831 889 3889; x_wconf 74' lang='lat'><strong>812</strong></span> <span class='ocrx_word' id='word_1_305' title='bbox 912 3826 1045 3904; x_wconf 86' lang='lat' dir='ltr'><strong>(fortasse</strong></span> <span class='ocrx_word' id='word_1_306' title='bbox 1068 3831 1151 3890; x_wconf 89' lang='lat' dir='ltr'><strong>etiam</strong></span> <span class='ocrx_word' id='word_1_307' title='bbox 1175 3848 1284 3890; x_wconf 89' lang='lat' dir='ltr'><strong>memor</strong></span> <span class='ocrx_word' id='word_1_308' title='bbox 1305 3831 1383 3910; x_wconf 87' lang='lat' dir='ltr'><strong>psal·</strong></span> 
     </span>
     <span class='ocr_line' id='line_1_34' title="bbox 222 3927 1384 4013; baseline -0.001 -17"><span class='ocrx_word' id='word_1_309' title='bbox 222 3955 331 3996; x_wconf 92' lang='lat' dir='ltr'><strong>morum</strong></span> <span class='ocrx_word' id='word_1_310' title='bbox 354 3935 430 3995; x_wconf 91' lang='lat' dir='ltr'><strong>illius</strong></span> <span class='ocrx_word' id='word_1_311' title='bbox 455 3929 584 4011; x_wconf 81' lang='lat' dir='ltr'><strong>„selah“,</strong></span> <span class='ocrx_word' id='word_1_312' title='bbox 613 3933 647 3993; x_wconf 91' lang='lat' dir='ltr'><strong>de</strong></span> <span class='ocrx_word' id='word_1_313' title='bbox 677 3952 733 4012; x_wconf 93' lang='lat' dir='ltr'><strong>quo</strong></span> <span class='ocrx_word' id='word_1_314' title='bbox 757 3932 812 3991; x_wconf 90' lang='lat' dir='ltr'><strong>vid.</strong></span> <span class='ocrx_word' id='word_1_315' title='bbox 837 3931 954 3994; x_wconf 87' lang='lat' dir='ltr'><strong>Gesenii</strong></span> <span class='ocrx_word' id='word_1_316' title='bbox 975 3933 1028 3994; x_wconf 87' lang='lat' dir='ltr'><strong>lex.</strong></span> <span class='ocrx_word' id='word_1_317' title='bbox 1051 3934 1131 3993; x_wconf 90' lang='lat' dir='ltr'><strong>hebr.</strong></span> <span class='ocrx_word' id='word_1_318' title='bbox 1155 3954 1182 4012; x_wconf 90' lang='lat' dir='ltr'><strong>p.</strong></span> <span class='ocrx_word' id='word_1_319' title='bbox 1208 3927 1283 4013; x_wconf 76' lang='lat'>612)</span> <span class='ocrx_word' id='word_1_320' title='bbox 1307 3935 1384 3995; x_wconf 86' lang='lat' dir='ltr'><strong>hanc</strong></span> 
     </span>
     <span class='ocr_line' id='line_1_35' title="bbox 222 4022 1383 4122; baseline 0.002 -26"><span class='ocrx_word' id='word_1_321' title='bbox 222 4045 337 4122; x_wconf 83' lang='grc' dir='ltr'>κροῦσιν</span> <span class='ocrx_word' id='word_1_322' title='bbox 365 4034 420 4096; x_wconf 73' lang='grc' dir='ltr'><strong>ὑπὸ</strong></span> <span class='ocrx_word' id='word_1_323' title='bbox 448 4032 502 4102; x_wconf 69' lang='grc' dir='ltr'><strong>τὴν</strong></span> <span class='ocrx_word' id='word_1_324' title='bbox 530 4022 609 4112; x_wconf 71' lang='grc' dir='ltr'>ᾠδήν</span> <span class='ocrx_word' id='word_1_325' title='bbox 632 4038 832 4113; x_wconf 87' lang='lat' dir='ltr'><strong>interpretatus</strong></span> <span class='ocrx_word' id='word_1_326' title='bbox 861 4042 905 4096; x_wconf 92' lang='lat' dir='ltr'><strong>est</strong></span> <span class='ocrx_word' id='word_1_327' title='bbox 928 4045 1063 4114; x_wconf 81' lang='lat' dir='ltr'><strong>„cantum</strong></span> <span class='ocrx_word' id='word_1_328' title='bbox 1086 4053 1215 4095; x_wconf 87' lang='lat' dir='ltr'><strong>assarum</strong></span> <span class='ocrx_word' id='word_1_329' title='bbox 1243 4037 1383 4098; x_wconf 87' lang='lat' dir='ltr'><strong>tibiarum</strong></span> 
     </span>
     <span class='ocr_line' id='line_1_36' title="bbox 222 4138 1387 4229; baseline 0 -29"><span class='ocrx_word' id='word_1_330' title='bbox 222 4141 267 4201; x_wconf 89' lang='lat' dir='ltr'><strong>vel</strong></span> <span class='ocrx_word' id='word_1_331' title='bbox 294 4141 393 4200; x_wconf 89' lang='lat' dir='ltr'><strong>fidium</strong></span> <span class='ocrx_word' id='word_1_332' title='bbox 424 4159 475 4218; x_wconf 91' lang='lat' dir='ltr'><strong>per</strong></span> <span class='ocrx_word' id='word_1_333' title='bbox 497 4139 608 4229; x_wconf 81' lang='lat' dir='ltr'><strong>singula</strong></span> <span class='ocrx_word' id='word_1_334' title='bbox 635 4138 783 4199; x_wconf 88' lang='lat' dir='ltr'><strong>intervalla</strong></span> <span class='ocrx_word' id='word_1_335' title='bbox 805 4139 882 4198; x_wconf 90' lang='lat' dir='ltr'><strong>vocis</strong></span> <span class='ocrx_word' id='word_1_336' title='bbox 914 4139 1009 4197; x_wconf 87' lang='lat' dir='ltr'><strong>cantui</strong></span> <span class='ocrx_word' id='word_1_337' title='bbox 1031 4139 1279 4215; x_wconf 85' lang='lat' dir='ltr'><strong>interpositarum,</strong></span> <span class='ocrx_word' id='word_1_338' title='bbox 1314 4139 1387 4201; x_wconf 89' lang='lat' dir='ltr'><strong>dum</strong></span> 
     </span>
     <span class='ocr_line' id='line_1_37' title="bbox 213 4240 1385 4322; baseline -0.001 -18"><span class='ocrx_word' id='word_1_339' title='bbox 213 4245 297 4322; x_wconf 54' lang='lat' dir='ltr'><strong>,apud</strong></span> <span class='ocrx_word' id='word_1_340' title='bbox 327 4250 435 4302; x_wconf 87' lang='lat' dir='ltr'><strong>veteres</strong></span> <span class='ocrx_word' id='word_1_341' title='bbox 463 4261 602 4319; x_wconf 87' lang='lat' dir='ltr'><strong>suspenso</strong></span> <span class='ocrx_word' id='word_1_342' title='bbox 624 4249 708 4302; x_wconf 90' lang='lat' dir='ltr'><strong>cantu</strong></span> <span class='ocrx_word' id='word_1_343' title='bbox 730 4244 815 4301; x_wconf 89' lang='lat' dir='ltr'><strong>etiam</strong></span> <span class='ocrx_word' id='word_1_344' title='bbox 845 4243 1098 4300; x_wconf 88' lang='lat' dir='ltr'><strong>instrumentorum</strong></span> <span class='ocrx_word' id='word_1_345' title='bbox 1121 4240 1297 4318; x_wconf 86' lang='lat' dir='ltr'><strong>pulsationes</strong></span> <span class='ocrx_word' id='word_1_346' title='bbox 1320 4260 1385 4304; x_wconf 85' lang='lat' dir='ltr'><strong>sus-</strong></span> 
     </span>
     <span class='ocr_line' id='line_1_38' title="bbox 225 4340 1386 4424; baseline 0 -19"><span class='ocrx_word' id='word_1_347' title='bbox 225 4341 452 4424; x_wconf 80' lang='lat' dir='ltr'><strong>pendebantur.“</strong></span> <span class='ocrx_word' id='word_1_348' title='bbox 489 4344 596 4405; x_wconf 86' lang='lat' dir='ltr'><strong>Contra</strong></span> <span class='ocrx_word' id='word_1_349' title='bbox 618 4344 809 4422; x_wconf 91' lang='lat' dir='ltr'><strong>Westphalius</strong></span> <span class='ocrx_word' id='word_1_350' title='bbox 832 4364 859 4422; x_wconf 92' lang='lat' dir='ltr'><strong>p.</strong></span> <span class='ocrx_word' id='word_1_351' title='bbox 877 4344 916 4402; x_wconf 84' lang='lat'><strong>53</strong></span> <span class='ocrx_word' id='word_1_352' title='bbox 939 4343 1032 4403; x_wconf 92' lang='lat' dir='ltr'><strong>locum</strong></span> <span class='ocrx_word' id='word_1_353' title='bbox 1055 4344 1097 4401; x_wconf 91' lang='lat' dir='ltr'><strong>sic</strong></span> <span class='ocrx_word' id='word_1_354' title='bbox 1119 4345 1216 4402; x_wconf 88' lang='lat' dir='ltr'><strong>vertit:</strong></span> <span class='ocrx_word' id='word_1_355' title='bbox 1242 4340 1386 4418; x_wconf 85' lang='lat' dir='ltr'><strong>„Endlich</strong></span> 
     </span>
     <span class='ocr_line' id='line_1_39' title="bbox 224 4445 1383 4526; baseline -0.001 -19"><span class='ocrx_word' id='word_1_356' title='bbox 224 4448 323 4524; x_wconf 82' lang='lat' dir='ltr'><strong>glaubt</strong></span> <span class='ocrx_word' id='word_1_357' title='bbox 344 4467 425 4526; x_wconf 84' lang='lat' dir='ltr'><strong>man,</strong></span> <span class='ocrx_word' id='word_1_358' title='bbox 460 4447 525 4508; x_wconf 92' lang='lat' dir='ltr'><strong>dass</strong></span> <span class='ocrx_word' id='word_1_359' title='bbox 553 4445 587 4508; x_wconf 85' lang='lat' dir='ltr'><strong>A.</strong></span> <span class='ocrx_word' id='word_1_360' title='bbox 611 4453 705 4507; x_wconf 90' lang='lat' dir='ltr'><strong>zuerst</strong></span> <span class='ocrx_word' id='word_1_361' title='bbox 731 4448 777 4507; x_wconf 90' lang='lat' dir='ltr'><strong>die</strong></span> <span class='ocrx_word' id='word_1_362' title='bbox 804 4466 859 4507; x_wconf 89' lang='lat' dir='ltr'><strong>von</strong></span> <span class='ocrx_word' id='word_1_363' title='bbox 887 4447 938 4506; x_wconf 90' lang='lat' dir='ltr'><strong>der</strong></span> <span class='ocrx_word' id='word_1_364' title='bbox 967 4445 1086 4505; x_wconf 86' lang='lat' dir='ltr'><strong>maledie</strong></span> <span class='ocrx_word' id='word_1_365' title='bbox 1109 4445 1313 4512; x_wconf 82' lang='lat' dir='ltr'><strong>abueichenda</strong></span> <span class='ocrx_word' id='word_1_366' title='bbox 1335 4447 1383 4510; x_wconf 92' lang='lat' dir='ltr'><strong>be·</strong></span> 
     </span>
    </p>
   </div>
   <div class='ocr_carea' id='block_1_4' title="bbox 0 0 1444 5002">
    <p class='ocr_par' dir='ltr' id='par_1_6' title="bbox 0 0 1444 5002">
     <span class='ocr_line' id='line_1_40' title="bbox 0 0 1444 5002; baseline 0 0"><span class='ocrx_word' id='word_1_367' title='bbox 0 0 1444 5002; x_wconf 95' lang='lat' dir='ltr'><strong> </strong></span> 
     </span>
    </p>
   </div>
  </div>
 </body>
</html>
