2864 5002
696 367 734 427 25

132 573 161 628 et
182 567 281 628 schola
303 568 443 646 quaedam
465 569 549 644 certis
571 568 683 644 legibus
706 568 861 628 adstricta:
886 565 1074 650 κιθαριστική
1097 572 1173 630 assis
1196 572 1300 632 fidibus

132 676 162 730 et
184 665 331 736 αὐλητική
355 669 427 729 assis
449 670 528 729 tibiis
550 667 656 751 νόμους
677 670 707 729 id
729 675 774 729 est
794 670 895 730 modos
918 671 1060 747 legitimos
1077 691 1193 733 canens.
1220 673 1300 734 Illius
1370 663 1372 668 ¹

133 777 233 832 auctor
254 772 395 848 princeps<
411 771 516 831 fabulis
538 773 608 830 satis
631 771 817 831 obumbratus
841 773 1006 832 nominatur
1029 773 1179 852 OrpheuS,
1213 774 1300 836 huius

133 873 282 952 Olympus,
305 874 355 951 qui
378 893 412 932 ex
432 873 558 951 Phrygia
580 893 659 932 suam
684 882 773 932 artem
797 873 827 931 in
851 871 1001 934 Graeciam
1024 876 1152 935 traduxit
1176 873 1298 950 (Plutb

122 969 163 1035 'et
186 972 226 1052 7).
270 974 361 1035 lnitiis
392 977 439 1034 vix
469 975 589 1036 clariora
616 981 683 1035 sunt
709 976 899 1052 incrementa,
935 995 1008 1055 quae
1037 995 1054 1036 a
1085 983 1164 1038 secta
1186 975 1300 1056 Olympi

132 1076 204 1137 satis
226 1058 370 1154 frequenti
391 1073 477 1152 (Plut.
505 1080 556 1138 19:
585 1082 646 1134 τῶν
668 1071 941 1144 ἀκολουθησάντων
965 1075 1083 1158 ἐκείνῳ)
1106 1080 1301 1139 afferebantur

132 1197 331 1257 magnamque·
355 1184 467 1257 partem
500 1179 663 1240 sodalitatis
697 1198 837 1257 eponymo
870 1185 899 1239 et
930 1179 1053 1257 principi
1089 1181 1298 1242 tribuebantur.

131 1281 243 1342 Posteri
257 1280 385 1360 plerique
407 1281 516 1341 'creduli
535 1282 631 1342 omnia
652 1281 711 1341 fere
726 1281 842 1341 inventa
864 1282 900 1341 ab
922 1282 985 1359 ipso
1001 1280 1122 1360 Olympo
1145 1283 1300 1361 repetenda
1385 1339 1388 1344 .

134 1384 299 1445 censebant.
339 1383 473 1443 Attamen
499 1383 630 1456 fuerunt,
660 1384 787 1461 quinon
810 1383 888 1444 nulla
910 1384 946 1444 ab
968 1384 1017 1443 illo
1040 1385 1231 1446 abiudicanda
1253 1403 1300 1446 co-

134 1493 315 1564 gnoscerent.
346 1484 409 1560 Quo
431 1488 461 1544 in
484 1504 602 1546 numero
626 1491 688 1545 erat
709 1492 823 1563 praeter
839 1486 912 1545 alios
934 1485 1100 1546 Heraclides
1115 1505 1160 1564 ap.
1177 1486 1253 1549 Plut.
1271 1491 1299 1562 7,

133 1589 184 1668 qui
207 1589 393 1666 posteriorem
422 1586 565 1665 quendam
588 1586 739 1665 Olympum
769 1587 857 1647 fuisse
880 1589 997 1662 statuit,
1021 1607 1113 1666 quem.
1127 1588 1300 1649 Ritschelius
1406 1611 1408 1615 ·

132 1710 180 1768 op.
204 1691 219 1750 I
240 1710 267 1768 p.
292 1693 350 1750 263
375 1689 485 1768 aliquot
506 1694 572 1767 post
592 1688 794 1749 Archilochum
818 1690 901 1749 annis
923 1690 1054 1750 floruisse
1076 1696 1181 1751 censet.
1216 1689 1300 1751 Simi-

131 1788 199 1851 liter
225 1791 374 1852 Forkelius
401 1793 431 1851 in
459 1791 525 1851 hist.
549 1810 621 1850 mus.
651 1790 712 1868 lp.
738 1793 807 1851 264.
851 1792 959 1853 Contra
987 1790 1145 1868 Westphal.
1173 1793 1204 1852 in
1231 1793 1298 1852 hist.
1402 1801 1405 1808 '

113 1913 258 1971 ,musop
278 1897 336 1954 138
359 1899 448 1953 totam
471 1894 566 1970 potius
588 1894 745 1968 generatim
768 1898 884 1967 sectam,
908 1912 995 1972 quam
1017 1893 1133 1954 artificis
1148 1894 1299 1955 cuiusdam

131 2013 300 2074 personam,
334 1996 369 2054 de
396 2014 454 2073 qua
485 1995 558 2054 nihil
586 1997 701 2055 omnino
720 1982 859 2068 constet,
893 1995 1116 2072 intellegendam
1143 1996 1299 2058 contendit.

132 2095 199 2158 Sive
222 2098 276 2158 hoc
291 2099 352 2158 sive
373 2098 445 2158 illud
461 2099 574 2172 statuis,
597 2099 694 2177 priora
715 2099 834 2158 inventa
856 2097 1095 2176 aposterioribus
1110 2098 1300 2158 discernenda

131 2200 281 2260 concedes.
322 2201 359 2260 Et
381 2200 563 2260 considerato
585 2202 760 2260 musicorum
782 2202 920 2272 virorum,
936 2202 966 2260 in
987 2199 1135 2259 Plutarchi
1157 2200 1299 2277 capitibus

133 2303 260 2362 28-30
276 2303 385 2379 ordine,
409 2322 465 2381 quo
488 2309 691 2363 enumerantur
706 2303 870 2381 Terpander
880 2301 1081 2381 'Archilochus
1096 2302 1298 2380 Polymnestus

132 2406 273 2484 Olympus
288 2406 381 2466 Lasos
404 2407 609 2484 novissimique
628 2406 874 2484 dithyramborum
896 2411 996 2484 poetae
1013 2403 1218 2482 Melanippides
1232 2405 1299 2479 Phi·
1388 2452 1389 2455 .

130 2508 252 2569 loxenus
274 2508 454 2582 Timotheus,
485 2508 554 2569 mihi
587 2527 646 2568 non
674 2508 793 2568 dubium
823 2515 882 2586 est,
912 2507 980 2586 quin
1015 2505 1098 2584 plura
1125 2506 1296 2568 Plutarchus

131 2616 162 2671 et
184 2610 278 2671 aliena
299 2611 347 2669 hic
369 2610 530 2670 confuderit
551 2610 586 2670 de
607 2611 734 2689 mythico
764 2609 813 2670 illo
836 2609 960 2690 Olympo
982 2627 1131 2687 perperam
1160 2608 1297 2684 cogitans.

130 2713 232 2791 Itaque
256 2713 348 2789 prisco
372 2711 492 2790 Olympo
515 2713 681 2773 trochaeum
704 2710 889 2773 tribuendum
912 2732 969 2773 non
999 2717 1118 2772 constat.
1162 2709 1240 2771 Satis
1262 2713 1299 2771 si·

133 2815 307 2876 milia'sunt
328 2834 371 2890 ea,
395 2834 468 2893 quae
490 2815 566 2875 idem
588 2812 759 2875 Pluteos
784 2814 872 2874 habet
893 2816 928 2875 dc
950 2815 1094 2875 Minervae
1117 2832 1217 2875 nomo:
1247 2832 1298 2898 γε·

131 2911 258 3000 νομένου
287 2914 427 3001 τροχαίου
457 2912 532 2997 (scil.
556 2904 738 3000 διτροχαίου)
768 2914 834 2976 ἀντὶ
864 2915 1000 2987 batavos.
1046 2915 1125 2991 Quos
1157 2916 1246 2994 pedes
1267 2922 1300 2975 ut

128 3022 209 3080 inter
230 3039 261 3079 se
283 3025 406 3079 mutaret
429 3019 577 3100 Olympus,
599 3021 717 3080 inventa
738 3021 932 3089 enharmonici
961 3021 1074 3097 generis
1097 3020 1168 3079 diesi
1191 3018 1299 3078 iactum
1338 3092 1343 3105 ι
1400 3044 1403 3050 ·

130 3123 208 3184 dixit
228 3123 422 3183 Rossbachius
448 3124 479 3182 in
503 3124 627 3202 rhythm.
651 3143 679 3200 p.
704 3127 759 3197 47,
788 3124 904 3200 negavit
925 3123 1012 3184 lulius
1034 3124 1143 3185 ansar
1163 3122 1195 3181 in
1216 3121 1297 3180 elem.

128 3225 261 3304 rhy'thm.
284 3244 325 3301 gr.
352 3228 429 3286 1861
457 3245 486 3304 p.
511 3229 561 3302 90,
585 3232 662 3286 nota.
696 3226 811 3286 Rectius
827 3226 1021 3304 Westphalius
1042 3226 1188 3286 Plutarchi
1211 3225 1299 3285 verba

128 3330 175 3389 ita
197 3329 401 3406 interpretatus
424 3335 476 3404 est,
499 3334 531 3389 ut
552 3330 677 3405 priorem
699 3330 777 3389 nomi
798 3336 910 3407 partem
932 3330 1083 3407 paeonico,
1113 3329 1298 3407 posteriorem

128 3432 278 3494 trochaico
305 3450 424 3491 numero
452 3433 612 3491 conlectum
643 3432 757 3491 diceret.
801 3430 857 3492 sed
887 3433 942 3492 hoc
965 3432 1061 3510 Phryx
1088 3430 1137 3490 ille
1159 3427 1312 3514 Olympus’

129 3534 295 3595 instituisse
318 3535 364 3593 vix
395 3534 541 3612 putandus
563 3542 614 3594 est.
659 3534 754 3610 Quid?
787 3534 835 3594 ille
866 3537 988 3614 patriam
1021 3538 1112 3593 artem
1145 3552 1179 3593 ex
1207 3534 1299 3610 patria

128 3637 269 3714 idemque
290 3637 423 3697 creticam
452 3656 486 3696 ex
508 3638 595 3699 Creta
622 3638 652 3696 in
675 3637 824 3698 Graeciam
845 3637 1007 3710 intulisset,
1040 3642 1126 3714 atque
1148 3641 1298 3712 utramque

129 3742 193 3800 iam
220 3740 295 3799 inter
317 3759 347 3800 se
377 3740 592 3823 coniunxisset?
636 3740 776 3818 Equidem
807 3740 862 3800 hoc
889 3741 1016 3817 accipere
1045 3758 1165 3818 nequeo.
1193 3739 1298 3798 -Immo
1374 3773 1376 3778 ·

132 3844 429 3904 assectatoribuseius
440 3843 536 3903 nescio
544 3848 650 3921 quanto
658 3844 816 3903 minoribus
828 3842 1027 3910 ascribendum
1038 3841 1110 3901 illud
1121 3841 1296 3901 crediderim.

129 3945 264 4023 Denique
286 3946 341 4006 Dio
364 3947 466 4025 Ohrys.
490 3947 512 4018 Ι,
540 3952 550 4005 l
579 3944 701 4024 Olympo
725 3946 849 4020 orthium
873 3965 986 4024 quoque
1016 3947 1045 4003 in
1067 3945 1224 4004 Minervam
1247 3963 1296 4004 no-

129 4068 212 4110 mum
234 4048 342 4108 tribuit.
388 4048 443 4124 Qui
470 4069 540 4109 num
568 4049 643 4108 idem
672 4049 710 4108 sit
731 4054 816 4127 atque
844 4048 893 4108 ille
915 4050 944 4107 in
967 4047 1113 4107 Plutarchi
1145 4047 1217 4107 libro
1241 4065 1298 4106 me·

130 4157 271 4226 moratus,
294 4152 371 4229 quod
395 4153 495 4212 statuit
516 4151 656 4227 Bergkius
679 4172 706 4228 p.
731 4151 749 4210 l.
772 4170 813 4226 gr.
836 4150 874 4210 lll
895 4171 922 4227 p.
947 4153 1017 4224 810,
1041 4150 1112 4209 satis
1134 4155 1227 4227 potest
1248 4150 1297 4208 du-

131 4255 230 4317 bitari.
260 4251 393 4314 Ceterum
416 4256 471 4331 hic,
496 4257 521 4315 si
544 4256 580 4315 ab
602 4257 664 4332 ipso
681 4253 802 4332 Olympo
825 4253 973 4313 coniectus
996 4257 1048 4326 est,
1071 4252 1172 4312 eadem
1187 4254 1297 4313 ratione

131 4355 319 4434 accipiendus
348 4358 468 4433 videtur,
502 4376 559 4435 qua
591 4357 750 4435 Terpandri
781 4376 881 4417 nomos
914 4357 1038 4416 orthiuin
1072 4345 1100 4415 et
1132 4357 1297 4416 trochaeum

131 4458 275 4538 explicare
297 4465 417 4536 oportet,
440 4460 479 4520 ad
501 4478 574 4538 quos
597 4478 673 4520 nunc
695 4460 766 4519 mihi
787 4460 994 4520 transeundum
1017 4464 1070 4519 est.
