2864 5002
697 385 735 440 43

126 583 248 642 turbata
269 562 378 642 tantum
393 583 582 657 continuitate
603 588 657 640 τοῦ
674 573 889 666 ρὐθμιζομένου
905 578 1128 660 congruentium}
1143 584 1297 646 admodum
1402 633 1406 640 .

128 690 175 744 est
197 684 353 760 longinqua
375 689 403 744 et
425 685 524 745 eodem
548 686 662 744 nomine
686 685 757 744 duas
779 704 825 744 res
856 692 914 745 tam
936 674 1297 763 dissimilescompreh'eu-
1347 666 1353 677 ⁰

127 786 200 844 dere
229 805 296 844 num
328 792 427 863 aptum
453 786 552 861 fuerit,
582 794 677 865 potest
704 779 846 847 dubitari.⁸
883 786 937 848 Sed
968 789 1181 847 veterrimorum
1211 789 1297 869 huius

127 889 203 947 artis
232 889 454 948 existimaturum
484 895 512 948 et
540 891 709 965 scriptorum
737 891 809 949 haec
832 891 943 951 videtur
971 889 1058 948 fnisse
1088 889 1233 964 doctrina,
1267 892 1296 950 id
1355 872 1358 877 ’

129 990 209 1069 qnod
231 1010 265 1050 ea
287 992 349 1068 ipsa
370 1010 401 1051 re
428 991 619 1051 demonstrari
641 1011 752 1065 censeo,
777 992 853 1068 qnod
877 992 1018 1069 duplicem
1041 992 1298 1054 doctrinaeratio·

126 1110 198 1151 nem
226 1111 357 1169 perverse
384 1093 565 1169 interpretati
593 1099 622 1152 et
651 1094 741 1152 secuti
764 1095 930 1170 posterioris
958 1093 1061 1171 aetatis¹
1088 1085 1213 1170 metrici,
1248 1095 1297 1173 qui
1322 1094 1324 1098 ’

127 1213 266 1253 versuum
281 1209 424 1255 numeros
437 1194 526 1255 oculis
541 1196 636 1272 potius
660 1184 746 1275 quam
763 1196 878 1277 auribus
901 1195 1047 1273 percipere
1062 1193 1201 1271 solebant,
1224 1197 1296 1256 duas

127 1297 162 1355 in
193 1302 289 1374 partes
318 1316 335 1356 a
362 1304 438 1358 recta
461 1299 508 1357 via
536 1299 751 1358 aberraverunt.
797 1297 870 1357 Nam
901 1307 951 1357 aut
973 1283 1166 1367 καταλήξεως
1188 1299 1298 1359 ratione

129 1399 217 1458 abusi
245 1404 357 1475 praeter
384 1402 524 1477 primores
548 1419 680 1461 versuum
708 1401 823 1461 ordines
850 1398 1007 1459 clausulam
1036 1417 1149 1477 quoque
1176 1419 1298 1478 perpeu-
1384 1397 1385 1400 ’

130 1501 258 1561 dandam
281 1508 453 1578 putaverunt
475 1502 607 1562 ordinum
629 1504 659 1562 in
682 1503 739 1563 fine
762 1502 973 1574 collocatorum,
1001 1509 1049 1562 aut
1070 1522 1087 1562 a
1108 1503 1218 1562 ratione
1240 1503 1298 1578 epi·

129 1604 330 1683 synthetorum
352 1604 471 1682 proiecti
494 1605 580 1664 etiam
603 1608 630 1664 in
654 1605 772 1682 singulis
796 1605 916 1682 pedibus
949 1589 1115 1665 discrimina
1137 1608 1299 1665 statuerunt

135 1703 549 1789 versnnm'rrpoauruluiarour
573 1690 775 1784 coniectorum,
804 1708 851 1767 uhi
874 1709 927 1767 hoc
950 1727 1006 1767 non
1031 1726 1105 1785 opus
1127 1706 1189 1765 fuit.
1219 1705 1298 1765 Nihil
1323 1733 1327 1741 ·

132 1808 189 1868 fnit
211 1807 318 1884 negotii
346 1807 402 1866 nisi
423 1807 507 1867 simul
529 1810 720 1884 considerare,
742 1829 810 1869 num
834 1810 974 1887 primores
1003 1809 1118 1868 ordines
1141 1807 1299 1870 catalectici

131 1916 230 1970 essent
251 1915 280 1969 et
301 1928 368 1968 num
392 1911 499 1987 singuli
521 1912 636 1971 ordines
658 1917 823 1972 constarent
844 1931 878 1971 ex
900 1912 997 1972 metris
1019 1913 1095 1971 inter
1117 1931 1147 1972 se
1169 1911 1297 1971 diversis.

131 2012 194 2073 Hoc
227 2013 251 2071 si
279 2012 393 2072 fecisset
426 2020 524 2072 auctor
552 2014 687 2074 Aristidis
719 2020 747 2074 ct
768 2013 919 2087 Victorini,
954 2015 1034 2072 cuius
1063 2032 1177 2077 manum
1206 2032 1233 2089 p.
1258 2015 1296 2073 39

85 2174 87 2179 .
131 2115 292 2174 restituisse
314 2116 385 2174 mihi
409 2115 521 2191 videor,
552 2116 667 2176 inutiles
696 2116 893 2176 distinctiones
922 2114 1067 2175 clausulae
1089 2117 1177 2176 totins
1200 2134 1298 2176 versus

136 2223 307 2295 aspernatus
333 2236 385 2294 pro
413 2219 524 2278 dnobus
547 2217 604 2278 illis
621 2221 746 2296 priorum
770 2226 798 2278 et
819 2219 1007 2295 posteriorum
1024 2238 1160 2296 generum
1182 2219 1299 2298 paribus

131 2320 224 2380 facere
247 2338 304 2379 non
318 2321 459 2402 potuisset
482 2322 551 2399 quin
580 2326 717 2381 statueret
740 2322 796 2380 duo
818 2326 928 2380 tantum
943 2340 1048 2397 genera
1069 2341 1086 2380 a
1107 2322 1190 2382 nobis
1212 2340 1299 2399 supra
1336 2392 1340 2399 ι

133 2423 327 2502 comprobata.
375 2423 430 2482 Sed
453 2423 530 2484 facili
552 2426 606 2484 hoc
629 2425 744 2500 negotio
766 2424 897 2502 perfungi
921 2425 1027 2483 frustra
1050 2424 1218 2484 studuerunt
1238 2443 1297 2484 me-

133 2525 199 2585 trici
223 2525 394 2601 posteriores
421 2526 518 2586 iudicii
547 2526 728 2604 simplicitate
759 2527 903 2586 destituti:
936 2526 1023 2586 immo
1052 2528 1081 2585 in
1110 2533 1230 2605 utraque
1252 2526 1298 2585 via

134 2627 251 2687 alterins
280 2627 424 2688 adfinem
447 2648 545 2688 versus
574 2630 649 2689 iusto
672 2628 785 2706 longius
808 2630 966 2706 progressi,
998 2648 1062 2688 cnm
1085 2637 1135 2689 ant
1156 2626 1298 2687 clausulae

133 2730 261 2789 omnium
290 2749 386 2789 versus
413 2731 546 2790 ordinum
573 2737 623 2791 aut
650 2732 773 2791 ambitus
797 2738 825 2791 et
853 2733 964 2790 numeri
986 2731 1164 2807 singulorum
1193 2730 1297 2807 pedum

131 2834 271 2891 rationem
293 2832 455 2892 habendam
478 2833 623 2908 ducerent,
646 2834 700 2893 hoc
721 2835 809 2892 nimio
831 2831 996 2894 illustrandi
1020 2833 1114 2893 studio
1139 2833 1297 2893 doctrinam

131 2941 198 2994 ante
221 2933 408 2993 clarissimam
431 2935 654 2994 obscuraverunt
676 2941 705 2995 et
726 2955 760 2994 ex
781 2934 858 2995 facili
880 2935 1065 2995 reddiderunt
1088 2933 1297 2994 difficillimam.

216 3037 299 3113 Apud
322 3035 542 3112 Archilochum,
566 3043 597 3096 ut
619 3039 817 3115 spinosissima
839 3018 954 3097 tandem
977 3020 1173 3117 relinquamus
1203 3041 1286 3095 metri

131 3158 230 3200 corum
246 3140 376 3211 artificia,
401 3141 547 3218 utriusque
570 3141 627 3199 iam
642 3142 754 3216 generis
777 3146 1004 3219 asynartetorum
1020 3142 1205 3200 inveniuntur
1219 3140 1296 3216 prin·

131 3243 214 3320 cipia.
258 3244 353 3319 Atque
380 3225 625 3320 episynthelornm
653 3243 780 3319 exempla
813 3248 880 3302 sunt
910 3262 1007 3302 versus
1041 3262 1127 3320 snpra
1155 3244 1184 3301 iu
1213 3241 1294 3318 epod.

132 3363 210 3404 num.
234 3340 378 3404 Vll-ix
401 3344 554 3422 descripti:
582 3345 756 3422 elegiambus
779 3352 808 3405 et
829 3345 1006 3421 iambelegns
1029 3352 1057 3406 et
1079 3345 1198 3405 heroum
1221 3344 1298 3422 quod
1358 3384 1365 3398 .

133 3451 238 3507 uocant
263 3434 426 3527 ηὐξημένον
442 3447 501 3506 sive
517 3444 795 3530 περιττοσυλλαβές.
837 3449 926 3507 Tertii
947 3448 1032 3507 huius
1049 3466 1149 3507 versus
1172 3447 1297 3524 nomina,

131 3567 252 3628 quornm
274 3549 346 3608 illud
368 3555 460 3609 exstat
483 3551 512 3608 in
534 3549 608 3609 Plut.
632 3551 694 3611 loco
718 3544 763 3625 B',
787 3551 841 3610 hoc
863 3551 938 3627 apud
962 3550 1031 3611 Mar.
1058 3549 1163 3609 Victor.
1189 3569 1215 3626 p.
1239 3552 1296 3608 117

133 3658 162 3712 et
184 3670 215 3731 p.
232 3653 299 3725 163,
323 3670 340 3711 a
368 3651 494 3712 metricis
515 3658 579 3712 orta
606 3659 674 3713 sunt
697 3655 765 3732 „qui
788 3653 873 3713 altius
895 3654 965 3714 haec
988 3672 1045 3713 uon
1069 3648 1295 3730 perspexeruut“

132 3753 228 3831 (Caes.
261 3753 341 3813 Bass.
363 3773 391 3830 p.
416 3753 497 3830 268).
542 3755 746 3816 Herametrum
777 3756 854 3815 enim
885 3757 1021 3816 maiorem
1051 3754 1161 3834 syllaba
1193 3759 1296 3815 vocant

132 3876 247 3917 versum
270 3857 312 3917 sic
333 3856 440 3915 factum
462 3876 524 3917 esse
547 3857 616 3918 rati:

263 3961 303 4018 At
325 3958 394 4017 tuba
414 3959 571 4020 terribilem
595 3961 720 4020 sonitum
743 3961 823 4020 dedit
845 3980 909 4021 aere
933 3959 1029 4035 (sed)
1054 3977 1165 4019 canoro.

137 4062 219 4122 ldem
260 4062 381 4121 coniecit
418 4059 575 4122 Salmasius
613 4040 642 4122 in
675 4061 820 4123 Plutarchi
856 4063 920 4124 loco
954 4057 988 4121 A'
1022 4065 1133 4136 inesse,
1166 4061 1215 4120 ubi
1247 4081 1297 4139 pro

131 4163 228 4224 verbis
263 4163 392 4224 obscuris
422 4164 516 4230 duod
539 4156 715 4223 ΠΡΩΤΟΥ
738 4151 856 4235 αὔξησις
889 4166 1016 4226 Burettio
1050 4169 1078 4224 et
1093 4163 1232 4224 'Liebelio
1262 4164 1297 4224 de

131 4266 236 4326 cretico
258 4266 314 4325 dici
330 4267 407 4340 visis,
430 4259 761 4344 proposuit-lll‘ithl,
786 4252 871 4345 quam
893 4268 1043 4331 lectionem
1059 4267 1158 4345 paucis
1179 4271 1293 4326 tantum

129 4367 245 4429 lineolis
272 4371 389 4429 mutatis
419 4388 456 4451 er
481 4369 586 4429 codicis
615 4370 746 4429 ductibus
776 4369 840 4429 elici
867 4370 949 4430 facile
978 4376 1105 4447 apparot.
1158 4368 1297 4444 Quartum

130 4471 242 4530 accedit
264 4479 384 4530 metrum
407 4457 619 4550 episyutheturrr
642 4472 742 4547 fragm.
768 4475 805 4533 79
830 4477 978 4551 obsequ:
