2864 5002
729 268 812 378 ’4ο

213 525 347 597 quattuor
374 519 452 579 milia
473 518 565 580 XCVI
593 539 698 595 genera
727 521 797 580 effici
829 522 905 580 dicit.
951 520 1006 581 Sed
1035 522 1149 598 penitus
1177 521 1207 580 in
1233 521 1312 580 hanc
1337 514 1380 578 ἐπ’

213 614 329 702 ἀκριβὲς
355 619 562 705 τεχνολογίαν,
597 641 682 701 quem
711 623 829 682 Aristid.
854 622 950 696 Quint.
976 642 1002 699 p.
1027 623 1067 683 56
1097 619 1202 705 εὐχερῆ
1230 629 1294 691 τοῖς
1317 619 1378 680 ἑπι-

214 718 339 804 στῆμοσι
364 704 500 798 nominat,
523 724 692 800 immergere
715 725 789 785 nolo.
816 724 914 784 Timeo
936 726 1011 784 enim
1035 742 1071 782 no
1086 728 1146 783 tota
1168 725 1225 784 ista
1247 723 1378 784 doctrina

213 825 354 902 spinosior
379 823 467 883 fuerit
493 844 580 904 quam
602 826 708 887 utilior.
750 827 834 888 Certe
856 827 1022 903 posterioris
1044 826 1146 885 aetatis
1177 824 1306 886 metricis
1329 823 1376 883 ad-

212 926 390 985 mirationem
424 926 520 1003 potius
553 945 637 1005 quam
671 927 897 1006 intellegentiam
929 929 1042 988 videtur
1075 928 1206 988 movisse.
1251 927 1297 987 An
1327 909 1377 987 hoa

213 1019 346 1087 homines
369 1024 467 1086 multis
488 1026 558 1087 locis
580 1036 707 1091 errantes
730 1026 929 1114 ἐπιστήμονας
950 1031 1042 1091 fuisse
1063 1036 1210 1108 putemus,
1233 1028 1376 1107 siquidem

213 1129 284 1188 adeo
307 1127 480 1207 Hephaestio
503 1129 636 1208 Sapphus
657 1132 692 1192 fr.
718 1137 773 1207 85,
797 1133 879 1211 ,quod
901 1152 930 1210 p.
955 1135 993 1193 38
1016 1133 1235 1208 exscripsimus,
1258 1150 1376 1211 asyncr-

214 1232 282 1291 tetis
305 1232 491 1308 adnumerat,
515 1252 686 1313 quamquam
710 1236 865 1294 constituta
887 1233 1051 1294 vocularum
1075 1231 1230 1316 ypociororv
1257 1254 1285 1294 v.
1313 1240 1326 1295 1
1352 1240 1380 1296 et

215 1321 331 1404 Λυδίας
353 1354 381 1395 ν.
400 1339 416 1395 3
441 1337 575 1414 synizesi,
599 1343 630 1395 ut
651 1336 838 1414 probabiliter
860 1338 944 1397 docet
965 1335 1106 1412 Bergkius
1128 1336 1165 1395 ad
1187 1337 1217 1397 h.
1240 1336 1277 1412 l.,
1301 1342 1378 1398 recta

213 1442 333 1496 metrum
356 1437 505 1514 procedit?
1213 1450 1220 1464 ·

298 1539 339 1598 Ne
368 1540 561 1618 Westphalius
595 1541 708 1619 quidem
736 1542 820 1618 plane
854 1541 972 1600 retinuit
1003 1540 1204 1600 distinctiones
1238 1545 1378 1615 veterum,

213 1640 264 1699 sed
292 1641 321 1699 in
343 1647 425 1701 metr.
448 1661 475 1719 p.
500 1646 555 1702 231
583 1649 736 1722 postquam
759 1639 911 1707 ἀντιπαθῆ
939 1648 993 1711 τῆς
1016 1630 1155 1723 δευτέρας
1183 1638 1379 1710 ἀντιπαθείας

213 1743 346 1803 exhibere
374 1744 444 1803 dicit
472 1764 528 1803 non
557 1751 616 1805 tam
646 1730 710 1811 εἴδη
735 1741 959 1803 divinationum
988 1745 1115 1805 eiusdem
1144 1745 1264 1829 generis
1291 1762 1379 1822 quam

213 1846 300 1922 pedes
315 1847 491 1907 diversorum
508 1866 643 1925 generum
658 1849 853 1917 matricomm‚
878 1841 1050 1928 ὁμοιοπαθῆ
1071 1850 1100 1904 et
1122 1841 1275 1912 ἀντιπαθῆ
1298 1843 1380 1904 κατὰ

213 1952 268 2022 τῆν
291 1939 431 2034 δευτέραν
459 1939 667 2025 ἀντιπάθειαν,
697 1968 817 2028 quorum
839 1949 902 2009 cola
924 1967 940 2008 o
963 1948 1139 2008 diversorum
1166 1966 1307 2024 generum
1335 1967 1381 2026 pe·

213 2057 298 2118 dibus
320 2058 463 2128 constant,
487 2071 543 2111 uno
565 2057 625 2110 τῶν
647 2057 760 2134 μικτῶν
782 2069 885 2127 genere
907 2050 1110 2127 comprehendi
1134 2051 1257 2124 mavult,
1284 2051 1329 2112 ita
1350 2056 1381 2111 nt

214 2161 413 2237 relinquantur
436 2153 626 2234 ἀσυνάρτητα
650 2147 799 2236 μονοειδῆ,
824 2147 984 2224 ἀντιπαθῆ,
1009 2147 1198 2227 innodabant,
1221 2147 1326 2234 μικτὼ

296 2260 368 2321 Mihi
401 2256 446 2319 vel
477 2259 525 2318 hio
558 2262 693 2336 quattuor
715 2273 850 2332 generum
882 2273 1018 2314 numerus
1047 2254 1160 2314 videtur
1192 2273 1257 2315 esse
1290 2257 1382 2317 maior

214 2383 299 2445 quam
323 2383 379 2443 quo
402 2381 474 2440 opus
497 2362 544 2421 ait.
590 2360 661 2422 Nam
685 2358 753 2437 quid
775 2359 895 2417 interest
917 2358 993 2416 inter
1015 2355 1063 2416 oio.
1087 2344 1228 2437 μονοειδῆ
1249 2363 1278 2416 et
1301 2357 1381 2417 ἀντι-

213 2463 318 2533 παθῆῆ
362 2465 489 2543 Utraque
510 2482 575 2523 oum
595 2463 720 2522 existant
741 2462 799 2519 sive
821 2460 880 2518 arsi
902 2477 983 2518 mora
1005 2459 1049 2519 vol
1072 2459 1159 2518 moris
1181 2459 1272 2529 thesis
1297 2467 1383 2522 aucta

214 2571 274 2629 sive
303 2569 378 2629 thesi
399 2568 532 2628 inanibus
562 2566 737 2642 temporibus
759 2559 997 2649 compensatass),
1031 2561 1094 2621 fieri
1115 2580 1173 2620 non
1196 2567 1290 2638 potest
1311 2565 1382 2641 quin

215 2676 306 2731 metra
335 2672 371 2729 ab
399 2672 456 2730 arsi
483 2670 650 2747 incipientia
679 2672 845 2746 asynarteta
871 2666 942 2725 fiant
964 2654 1120 2747 μονοειδῆ,
1152 2683 1169 2724 a
1196 2665 1270 2724 thesi
1302 2665 1384 2725 ἀντι-

214 2769 307 2840 παθῆ.
352 2772 461 2848 Quodsi
488 2773 617 2832 trochaei
644 2778 673 2831 et
698 2771 800 2843 iambi,
834 2768 940 2847 dactyli
968 2774 997 2829 et
1018 2770 1185 2846 anapaesti,
1219 2768 1267 2828 alii
1292 2748 1397 2847 pedes'

215 2883 341 2942 omnium
356 2898 496 2940 consensu
517 2879 591 2937 inter
613 2896 643 2937 se
665 2894 722 2935 non
745 2879 811 2933 sunt
825 2872 929 2932 diversi
953 2868 1019 2947 (nisi
1033 2871 1189 2947 anacrusi),
1212 2881 1383 2952 asynartota

216 2968 355 3066 μονοειδῆ
377 2988 406 3042 et
428 2976 578 3045 ἀντιπαθῆ
600 2982 670 3039 item
692 2997 750 3037 non
772 2975 965 3052 disiungenda
986 2980 1112 3052 apparet.
1158 2975 1217 3035 Nec
1239 2975 1324 3037 aliter
1346 2978 1383 3039 do

215 3090 251 3146 iis
274 3086 456 3146 iudicandum
480 3091 533 3157 est,
557 3103 630 3163 quae
653 3079 846 3158 Westphalius
868 3078 1026 3139 nominavit
1052 3078 1149 3137 mixta.
1195 3079 1270 3139 Nam
1294 3082 1383 3159 siqui·

215 3195 280 3253 dern
303 3193 466 3251 mixtionem
489 3194 602 3249 constat
622 3189 662 3246 ita
683 3186 761 3257 fieri,
794 3190 826 3242 ut
848 3184 922 3241 inter
944 3200 975 3239 se
1003 3183 1158 3256 iungantur
1188 3182 1276 3258 pedes
1299 3184 1383 3262 sylla·

216 3298 319 3357 barum
343 3312 460 3353 numero
482 3293 620 3369 impares,
651 3289 701 3348 sed
724 3287 835 3347 aurium
858 3303 993 3343 mensura
1016 3302 1099 3360 pares
1121 3289 1220 3361 utpote
1243 3286 1381 3362 peculiari

216 3398 339 3478 quadam
355 3397 531 3477 syllabarum
549 3395 660 3453 ratione
676 3390 802 3468 aequati,
827 3407 862 3448 ne
884 3387 973 3446 mixta
994 3387 1108 3464 quidem
1132 3395 1300 3466 asynarteta
1321 3392 1380 3453 iure

216 3503 253 3562 ab
275 3502 331 3561 illis
354 3500 464 3561 secerni
487 3500 623 3577 sequitur.
670 3494 750 3569 Quae
773 3511 836 3552 cum
858 3492 900 3550 ita
922 3491 989 3564 sint,
1014 3490 1083 3548 satis
1106 3496 1150 3549 est
1171 3491 1227 3550 duo
1244 3495 1379 3554 statuisse

216 3607 446 3684 asynartetorum
472 3621 592 3678 genera:
627 3599 747 3658 alterum
771 3593 1031 3672 episyuthetorum,
1058 3592 1179 3652 alterum
1203 3595 1379 3659 utbreviter

217 3708 309 3767 dicam
337 3707 549 3778 intercisorum
580 3705 620 3762 ita
644 3708 675 3761 ut
702 3700 750 3759 hic
771 3703 825 3754 τοῦ
848 3682 1062 3777 ρὐδμιζομένου
1090 3696 1264 3758 continuitas
1296 3701 1378 3761 inter·

216 3818 365 3888 rumpatur
378 3807 551 3888 syllabarum
573 3799 819 3888 productionevel
835 3798 962 3858 inanium
985 3800 1144 3873 temporum
1172 3800 1376 3879 interiectione,

216 3913 275 3973 illic
297 3913 387 3990 ipsius
409 3911 494 3971 metri
515 3908 679 3969 mutatione.
723 3902 925 3980 Propinquitas
947 3900 1048 3958 horum
1070 3917 1205 3974 generum
1229 3908 1377 3982 utpotein

301 4098 326 4162 s)
345 4096 446 4150 Latens
464 4098 568 4162 tempus
593 4089 694 4158 (Quint.
712 4088 775 4142 inst.
794 4101 831 4139 or.
850 4081 895 4145 IX,
914 4081 938 4149 4,
957 4080 999 4144 98)
1017 4079 1092 4133 nullo
1115 4082 1193 4137 modo
1211 4089 1377 4151 statuerem

216 4182 236 4235 1.
257 4182 355 4234 Caesar
381 4180 487 4248 quidem
514 4177 625 4248 poterit,
653 4178 698 4246 qui
726 4179 752 4248 (l.
772 4172 789 4224 l.
809 4171 875 4225 1864
892 4182 918 4234 p.
936 4164 1007 4231 XlV)
1035 4165 1195 4234 Westphalii
1214 4169 1246 4224 de
1264 4187 1378 4243 syncope

218 4267 376 4320 sententiam
395 4266 541 4334 reprobans
560 4263 683 4330 συλλαβὴν
697 4257 849 4326 ἐκτιθεμένην
867 4253 954 4321 Heph.
973 4266 997 4317 p.
1011 4251 1061 4304 102
1078 4251 1147 4306 idem
1167 4269 1225 4309 esse
1243 4260 1378 4315 contendit

216 4360 298 4420 atque
316 4352 459 4421 ἐκκειμένην,
478 4353 574 4422 quibus
587 4351 674 4406 verbis
691 4350 871 4405 mathematici
890 4350 1012 4410 sumendi
1029 4336 1093 4392 Sive·
1109 4341 1226 4406 ponendi
1244 4345 1379 4406 notionem

218 4438 357 4506 designare
376 4437 487 4492 soleant.
557 4448 561 4461 ²
