2864 5002
785 299 824 398 ’ὃν
876 423 900 430 .,

223 541 303 601 locus
324 541 450 619 poetriae
472 541 568 600 animo
595 540 633 599 sit
654 540 839 615 obversatus,
873 559 932 600 non
955 545 1050 618 potest
1071 539 1231 600 diiudicari.
1276 539 1374 600 Verum

222 642 363 703 Pindarus
385 647 500 719 praeter
515 641 685 703 Callinicum
701 640 745 702 01.
763 641 811 716 IX,
833 647 858 717 l,
881 642 916 703 de
938 660 994 720 quo
1009 640 1092 719 plura
1112 660 1199 719 snpra
1213 641 1292 702 dicta
1306 646 1375 718 sunt,

36 791 40 798 .
121 814 122 817 ρ
223 745 258 805 ad
281 743 483 805 Archilochum
506 744 674 821 respicit-
701 750 733 802 ut
753 744 824 803 mihi
845 748 889 804 ost
910 742 1056 820 probabile
1077 776 1117 787 -ν
1136 742 1167 802 in
1190 742 1234 803 Ol.
1251 742 1297 814 Vl,
1325 746 1376 805 154

222 843 290 927 (91)
314 841 468 930 Ἠϋκίμων
497 845 632 905 σκυτάλα
661 837 789 904 Μουσῶν
817 867 852 898 σο
883 847 917 905 ir.
941 847 990 921 89,
1015 844 1316 922 terminumn,
1341 849 1374 907 38

227 953 256 1008 et
277 949 324 1025 lV,
347 952 386 1010 47
410 940 596 1017 Πανέλληνες
610 943 691 1007 οοίι.
716 948 755 1008 58
779 943 816 1024 (v.
839 947 954 1024 Bergk,
978 947 1013 1007 de
1034 947 1084 1008 rel.
1108 947 1237 1008 comoed.
1260 953 1312 1009 att.
1334 965 1378 1009 an·

223 1052 294 1130 tiqu.
318 1069 346 1128 p.
370 1051 456 1126 23).·

306 1151 510 1229 Scriptores
532 1151 804 1228 tragoediarum
825 1152 919 1230 ipsum
935 1149 1137 1211 Archilochum
1160 1151 1250 1210 secuti
1268 1155 1380 1216 tetram.

222 1255 311 1315 troch.
335 1261 364 1314 et
384 1254 460 1315 trim.
482 1253 571 1314 iamb.
593 1253 622 1311 in
647 1253 795 1330 proprium
817 1257 988 1331 receperunt
1009 1270 1090 1312 usum
1114 1252 1245 1328 diverbii‚
1269 1255 1319 1314 cui
1339 1273 1381 1315 ex·

223 1357 297 1418 culta
323 1363 391 1434 post
417 1361 479 1416 arte
505 1356 633 1416 trimeter
668 1356 788 1416 maxime
818 1355 991 1416 inserviebat
1011 1360 1110 1432 utpote
1131 1350 1262 1438 μάλιστα
1285 1356 1383 1416 λεκτι-

223 1453 274 1515 κὸν
296 1463 357 1516 τῶν
379 1453 494 1540 μέτρων
518 1457 651 1532 (Aristot.
668 1463 742 1535 poet.
760 1463 794 1532 43
816 1459 866 1518 cir.
889 1457 950 1519 Cic.
974 1475 1014 1517 or.
1032 1459 1082 1532 57,
1109 1459 1165 1516 191
1183 1461 1211 1517 et
1226 1458 1299 1520 Hor.
1315 1477 1342 1520 a.
1357 1480 1384 1538 p.

146 1598 148 1603 ,
224 1563 263 1621 80
285 1554 390 1639 sequ),
412 1566 693 1621 tetrameter'autem
707 1556 883 1646 γοργότερος
906 1554 1052 1640 (Hermog.
1075 1558 1110 1618 de
1125 1558 1163 1619 id.
1179 1558 1205 1618 11
1230 1564 1292 1639 lp.
1310 1555 1384 1642 308)

221 1680 279 1721 non
302 1666 364 1721 erat
385 1661 507 1722 usitatus
529 1663 584 1722 nisi
606 1663 738 1723 affectato
759 1664 912 1739 grandiore
933 1661 1045 1722 dicendi
1066 1679 1179 1737 genere.
1224 1662 1291 1723 vid.
1316 1663 1384 1724 Eur.
1420 1676 1422 1683 '

221 1763 328 1823 Phoen.
353 1765 412 1824 588
436 1782 516 1842 sequ.
539 1771 568 1824 ot
589 1766 713 1842 saepius.
742 1763 865 1825 Eosdem
889 1769 988 1842 poetas
1009 1762 1208 1841 paracataloga
1232 1782 1304 1825 usos
1325 1784 1386 1826 esse
1420 1802 1422 1811 ·

222 1864 392 1925 Plutarchus
425 1871 547 1925 testatur
578 1866 642 1926 loco
665 1861 697 1928 θ’
720 1862 807 1945 idque
829 1867 962 1926 videntur
993 1865 1094 1925 iecisse
1127 1865 1162 1924 ad
1196 1865 1386 1927 illustrandos

223 1971 325 2026 cantus
353 1967 402 2045 qui
430 1972 567 2027 vocantur
593 1962 651 2026 ἀπὸ
681 1974 796 2038 σκηνῆς.
852 1967 1043 2028 Rossbachius
1076 1971 1104 2027 et
1132 1966 1330 2045 Westphalius
1352 1968 1388 2029 III

222 2087 250 2145 p.
276 2071 335 2129 184
357 2069 476 2141 diverbii
500 2059 589 2150 ψιλὴν
611 2056 690 2138 λέξιν
712 2071 748 2129 ab
770 2071 825 2130 hac
848 2070 985 2130 recitandi
1006 2070 1117 2130 ratione
1138 2070 1326 2147 repetendam
1349 2070 1387 2130 di·

222 2176 340 2246 xerunt,
374 2170 493 2231 Luciani
519 2172 641 2248 permoti
668 2170 731 2231 loco
754 2171 789 2231 de
819 2171 911 2232 saltat.
936 2191 965 2250 p.
988 2173 1043 2248 87,
1076 2171 1130 2232 ubi¹
1148 2175 1205 2231 est:
1227 2167 1389 2232 ...ἐνίοτε

223 2268 273 2329 καὶ
295 2261 444 2354 περιᾴδων
471 2268 511 2331 τὰ
540 2271 667 2356 ἰαμβεῖα.
713 2271 768 2334 Sed
791 2275 845 2334 hoc
875 2293 933 2333 uon
962 2293 1026 2334 esse
1048 2274 1154 2333 dictum
1181 2273 1217 2333 de
1239 2280 1389 2351 peracuta-

222 2373 288 2450 loga
310 2393 408 2434 verum
441 2374 477 2434 de
500 2375 568 2434 vitio
602 2375 696 2454 aliquo
726 2377 808 2436 istius
840 2378 942 2436 aetatis
964 2382 1091 2436 actorum
1124 2376 1153 2434 in
1182 2375 1240 2434 ind.
1265 2393 1348 2454 saep.
1371 2375 1388 2437 l.

224 2475 363 2553 Bergkius
397 2476 610 2545 demonstravit.
655 2478 805 2537 Accedunt
836 2478 894 2537 alia
920 2471 1027 2551 metra,
1060 2496 1133 2556 quae
1160 2495 1217 2537 non
1244 2496 1282 2538 ex
1309 2479 1388 2557 possi

222 2577 315 2654 ipsius
338 2575 510 2653 Archilochi,
533 2579 582 2639 sed
606 2599 640 2640 ex
662 2579 825 2640 melicorum
848 2580 1056 2639 imitationibus
1077 2586 1106 2639 et
1126 2579 1338 2640 variationibus
1360 2583 1385 2660 in

224 2698 305 2739 suum
329 2698 411 2740 usum
434 2687 634 2741 converterunt
663 2682 780 2760 suisque
808 2682 1021 2742 inventionibus
1052 2681 1174 2759 amplius
1201 2684 1387 2743 mhtavernut

180 2765 183 2774 ¹
223 2789 323 2858 poetae
346 2783 478 2856 scaenici,
501 2784 541 2842 ita
566 2787 598 2842 ut
618 2785 744 2844 omnium
767 2784 826 2844 fere
847 2789 1002 2844 metrorum
1024 2783 1179 2861 primordia
1193 2783 1384 2844 Archilochus
1420 2776 1422 2835 !

223 2883 258 2944 iis
279 2885 406 2962 praeisse
429 2884 568 2945 videatur.

309 2987 404 3063 Atque
428 2988 514 3047 etiam
537 3008 697 3049 sermonem
712 2987 876 3049 Archilochi
899 2989 1065 3065 saepissime
1088 2985 1191 3048 animis
1212 3005 1314 3049 eorum
1337 2991 1383 3051 ob

223 3093 368 3150 versatum
391 3107 455 3150 esse
478 3109 536 3150 non
558 3110 710 3168 possumus
732 3110 847 3167 negare.
885 3091 1045 3170 Aeschylus
1068 3109 1125 3150 non
1148 3089 1231 3151 modo
1254 3091 1382 3168 singulas

224 3209 307 3251 voces
343 3191 470 3267 exhibet,
509 3210 582 3271 quae
616 3192 733 3254 fortuito
766 3195 878 3271 possint
909 3212 1065 3270 congruere
1098 3212 1160 3253 cum
1194 3193 1381 3255 archilocheis
1420 3220 1422 3279 ι

224 3289 331 3373 (Prom.
356 3296 373 3353 5
397 3288 526 3378 λεωργός
540 3317 575 3348 ω
589 3295 621 3355 fr.
647 3298 685 3356 88
693 3319 701 3370 ;
724 3296 801 3374 Sept.
828 3297 888 3357 398
912 3291 1008 3380 μάχης
1031 3296 1103 3379 ἐρῶν
1117 3317 1151 3348 00
1165 3295 1279 3372 fr.·86;
1302 3296 1379 3358 Pera

225 3399 283 3456 763
309 3382 422 3466 Ἀσίδος
445 3393 633 3481 μηλοτρόφου
654 3418 688 3449 ω
710 3397 742 3459 ir.
769 3400 825 3473 86,
848 3395 945 3477 Suppl.
973 3401 1033 3458 770
1056 3393 1221 3479 κυβερνήτῃ
1245 3405 1330 3482 σορῷ
1350 3421 1381 3454 ω

224 3499 259 3560 ir.
283 3497 343 3574 45),
378 3499 428 3560 sed
451 3501 536 3560 etiam
560 3501 686 3576 integras
708 3502 864 3561 sententiaa
887 3501 1074 3561 archilocheis
1104 3499 1279 3577 simillimas,
1310 3520 1382 3582 quas

223 3621 282 3663 non
304 3621 456 3679 possumus
477 3621 536 3662 non
557 3603 682 3663 tribuere
703 3604 759 3680 ipsi
779 3600 943 3663 imitationi.
988 3602 1050 3678 Quo
1073 3604 1188 3663 nomine
1209 3602 1308 3664 confer

377 3703 503 3783 (lboeph.
533 3707 604 3764 123:
629 3704 774 3767 ...κτὸν
797 3700 900 3788 ἐχθρὰν
923 3700 1156 3788 ἀνταμείβεσθαι
1177 3711 1291 3783 κακοῖς,

223 3824 291 3867 cum
312 3807 347 3867 A.
363 3805 397 3868 ir.
415 3810 467 3868 65:
491 3803 542 3866 cdv
565 3813 665 3877 κακῶς
688 3825 724 3890 με
748 3792 864 3888 δρῶντα
888 3793 991 3876 δεινοῖς
1014 3802 1246 3884 ἀνταμείβεσθαι
1268 3816 1383 3885 κακοῖς,

375 3910 452 3969 Pers.
478 3911 551 3970 888ι
575 3916 672 3968 ταῦτα
689 3954 696 3968 .
714 3951 720 3966 .
738 3953 745 3969 .
761 3903 861 3967 πάντα
884 3904 1014 3992 θήσομεν
1039 3905 1130 3968 θεοῖσι
1228 3989 1231 3996 Ι

223 4031 288 4072 cum
310 4010 355 4075 A..
368 4011 402 4072 fr.
427 4013 482 4072 56:
505 4019 566 4083 τοῖς
589 4009 666 4081 θεοῖς
687 4007 764 4071 τίθει
785 4007 825 4070 τοὶ
846 4013 955 4086 πάντα,
978 4011 1101 4089 denique

374 4114 474 4191 Agam.
500 4117 575 4175 973:
600 4109 658 4174 Ζεῦ
681 4108 738 4173 Ζεῦ
762 4107 876 4188 Τέλειε,
897 4109 951 4182 τὰς
974 4109 1046 4197 ἐμὰς
1068 4109 1155 4196 εὐχὰς
1176 4109 1257 4173 πέλει

598 4213 683 4299 μέλοι
706 4201 739 4273 δέ
761 4235 807 4274 τοι
830 4214 875 4274 σοὶ
895 4221 1009 4297 τῶνπερ
1031 4208 1067 4273 ἂν
1089 4213 1200 4299 μέλλῃς
1221 4215 1321 4275 τελεῖν

224 4337 286 4378 cum
311 4320 345 4379 A.
368 4319 409 4380 ir.¹
427 4322 479 4378 27:
507 4306 603 4388 Ἂναξ
624 4309 785 4390 Ἄπολλον,
802 4365 807 4378 .
826 4362 832 4376 .
851 4311 931 4376 ἄλλο’
954 4315 1045 4400 ὥςπερ
1069 4314 1195 4396 ὀλλύεις,

223 4441 278 4500 quo
301 4421 400 4482 eodem
428 4422 479 4483 niti
503 4427 622 4502 apparet
642 4420 707 4481 illos
729 4439 828 4482 vorsus
850 4418 950 4497 Agam.
978 4422 1072 4481 1080:
