2864 5002
130 531 218 604 atque
241 523 390 584 laboribus
412 527 576 600 praecepta,
600 539 685 600 quam
709 520 816 599 primos
831 518 938 595 elegiae
960 524 1099 593 auctores,
1123 520 1172 597 qui
1194 521 1292 596 epicac

73 622 76 629 ’
130 627 230 706 poesis
251 631 281 685 et
301 645 346 686 res
369 631 398 685 et
421 630 542 685 metrum
565 622 710 701 paululum
735 626 877 681 mutantes
906 639 996 697 genus
1026 621 1185 680 carminum
1212 621 1282 681 affec

132 729 234 789 tabant
255 727 290 787 ad
313 734 474 805 temporum
506 727 633 786 rationes
654 725 832 802 adaptatum.
877 721 968 798 Quam
991 722 1064 783 viam
1092 723 1157 801 quis
1184 724 1294 800 primus
1320 711 1322 716 ¹

129 831 285 891 muniverit
306 834 335 888 et
356 829 503 905 institerit,
526 834 553 887 et
575 828 671 888 adhuc
692 828 745 888 sub
767 826 861 885 iudice
882 819 918 884 lis
941 829 985 884 cst
1012 829 1045 884 ut
1065 829 1159 884 aetate
1182 824 1294 885 Horatii

96 968 110 1005 ι,
130 927 172 1013 (a.
195 952 224 1010 p.
249 924 302 1016 77)
326 949 378 990 nec
400 948 527 1008 unquam
550 929 663 989 videtur
684 948 768 1006 posse
790 929 923 988 discerni.
967 927 1034 987 Non
1054 926 1110 986 fuit
1129 928 1160 987 in
1182 944 1216 986 ea
1237 927 1293 1004 pri·

130 1053 197 1095 mus
211 1034 257 1110 A,
281 1031 542 1110 quamquam‘huic
563 1025 612 1088 ὑπ’
636 1027 719 1089 ἐνίων
743 1013 926 1089 ἀποδέδοται
948 1025 983 1087 το
1007 1027 1137 1118 ἐλεγεῖον
1161 1023 1200 1110 (v.
1216 1027 1293 1088 Plut.

129 1138 149 1198 l.
171 1130 207 1217 1.)
241 1147 269 1196 et
295 1133 422 1213 plurium
449 1135 511 1194 eius
537 1133 579 1193 rei
606 1139 754 1193 auctorum
783 1132 901 1192 nomina
930 1137 958 1192 et
985 1130 1045 1209 loci·
1069 1131 1155 1191 etiarn
1177 1131 1294 1211 congeri

129 1245 251 1319 possunt
279 1237 318 1312 (v.
341 1235 448 1297 Liebel.
472 1255 501 1314 p.
526 1226 574 1295 28'
588 1239 617 1295 et
633 1234 804 1294 Volkmann.
829 1253 856 1312 p.
872 1233 955 1312 ila).
999 1232 1103 1310 Elegos
1125 1234 1210 1310 enim,
1233 1234 1294 1294 sive

127 1355 235 1402 nomen
258 1344 406 1401 traxerunt
428 1357 445 1398 a
466 1337 584 1397 vocibus
611 1331 627 1396 ἒ
648 1332 761 1421 λέγειν,
785 1336 859 1415 quod
882 1336 997 1414 plurimi
1018 1336 1134 1396 tradunt
1154 1341 1293 1412 veterum,
1323 1362 1331 1378 ·

132 1446 191 1506 sive
212 1444 248 1504 ab
270 1441 431 1504 harundine
445 1439 646 1501 Armeniorum
667 1438 766 1516 lingua
791 1439 912 1517 „elign“
928 1445 1041 1516 vocata,
1064 1437 1141 1518 quod
1162 1442 1292 1498 statuunt

131 1549 304 1608 recentiores
336 1545 466 1625 quidam,
501 1545 600 1603 sivea
627 1545 725 1603 nescio
759 1561 816 1620 qua
837 1561 868 1602 rc
891 1541 963 1618 alia,
984 1541 1073 1602 ‚initio
1096 1550 1295 1615 constat‘usui

109 1649 221 1729 ¹fuisse
243 1650 335 1726 poetis
367 1647 516 1709 defunctos
533 1645 770 1707 lamentantibus,
815 1645 936 1722 Confer,
953 1647 1054 1725 fragm.
1087 1650 1229 1721 Bobicnse
1261 1651 1296 1711 de

117 1770 207 1829 ‚vers
231 1771 260 1829 p.
285 1753 344 1811 624
368 1751 403 1810 K.
426 1756 465 1826 et,
488 1749 538 1827 qui
560 1748 641 1809 locus
663 1749 698 1808 ad
723 1748 839 1808 verbum
865 1748 925 1808 fere
946 1751 1091 1827 congruit,
1113 1754 1154 1812 ita
1174 1757 1296 1813 utcun-

129 1854 198 1914 dem
217 1855 345 1913 conicias
359 1853 476 1928 fontem,
499 1851 589 1913 Procl.
614 1851 716 1912 chrest.
740 1868 770 1929 p.
789 1852 848 1911 242
865 1850 919 1928 W,
943 1852 991 1913 ubi
1014 1860 1173 1932 sequuntur
1185 1856 1295 1917 'herbar

129 1950 176 2016 Οἱ
205 1951 307 2040 μέντοι
336 1974 372 2040 γε
396 1949 640 2040 μεταγενέστεροι
667 1959 707 2034 τῇ
730 1949 848 2036 ἐλεγείᾳ
869 1949 938 2037 πρὸς
962 1938 1117 2038 διαφόρους
1144 1953 1297 2029 ὑποθέσεις

130 2054 350 2140 ἀπεχρήσαντο.
396 2057 482 2134 Quod
504 2058 638 2137 quoniam
661 2056 767 2118 Gallini
794 2057 901 2134 elegiae
929 2077 987 2118 non
1015 2059 1071 2118 iam
1094 2065 1244 2121 versantur
1266 2060 1296 2119 in

130 2161 275 2238 lamentis,
298 2162 399 2222 sedin
423 2161 486 2220 aliis
508 2160 683 2238 argumentis
705 2160 839 2220 bellicam
861 2160 971 2221 civibus
994 2161 1127 2222 virtutem
1156 2181 1296 2224 commen·

130 2265 281 2341 dantibus,
304 2264 349 2325 vel
371 2265 447 2324 hunc
470 2264 601 2342 sequitur
623 2264 830 2341 posterioribus
853 2282 925 2342 quos
949 2268 1033 2324 vocat
1047 2264 1165 2336 Proclus
1187 2264 1296 2342 elegiae

132 2367 298 2427 auctoribus
321 2361 389 2426 esse
407 2367 661 2440 adnumerandum,
683 2368 724 2441 ita
746 2371 777 2428 ut
800 2367 895 2428 minus
918 2372 995 2428 recte
1016 2373 1144 2428 veterum
1166 2367 1298 2428 nonnulli

132 2465 199 2551 (cfr.
215 2470 363 2531 Ritschelii
386 2490 481 2548 opusc.
505 2469 517 2530 l
540 2490 567 2548 p.
586 2464 661 2551 265)
684 2468 795 2531 Gallino
817 2470 872 2532 hoc
893 2471 1042 2531 inventum
1063 2471 1200 2531 tribuisse
1221 2471 1298 2532 vide

132 2578 228 2634 antur.
272 2575 311 2635 Et
333 2578 399 2633 ante
422 2573 564 2636 Gallinam
594 2577 650 2634 iam
674 2573 780 2635 Clonas
802 2574 955 2654 auloedos,
973 2563 1069 2635 'cuius
1097 2574 1133 2634 de
1155 2579 1248 2636 aetate
1270 2582 1299 2637 et
1330 2611 1359 2656 Ιρ,

96 2746 99 2751 ,
133 2682 195 2736 arte
224 2677 347 2737 breviter
376 2676 450 2736 infra
477 2677 602 2753 dicetur,
636 2679 798 2738 nominatur
825 2673 964 2762 ἐλεγείων
991 2672 1115 2746 ποιητής
1149 2676 1233 2752 (Plut.
1262 2678 1298 2739 dc
1374 2704 1376 2708 ’

133 2799 207 2840 mus.
232 2784 249 2840 3
273 2786 302 2841 ct
324 2777 354 2859 4)
388 2781 465 2842 velut
498 2783 613 2842 omnino
648 2779 677 2841 ἐν
711 2782 788 2867 ἀρχῇ
821 2780 940 2867 ἐλεγεῖα
976 2776 1239 2866 μεμελοποιημένα
1272 2781 1299 2840 οἱ

133 2867 266 2959 αὐλῳδοὶ
288 2869 363 2968 ’ᾖδον
387 2884 470 2961 (Plut.
496 2883 536 2964 8).
580 2885 680 2947 Modos
709 2893 805 2948 autem
828 2889 984 2948 carminum
1016 2889 1101 2948 etiam
1123 2888 1154 2948 hi
1175 2887 1298 2966 antiqui·
1355 2937 1357 2943 .

133 2993 181 3046 tus
205 3005 240 3047 ex
255 2986 369 3068 Olympi
391 2989 520 3050 tibicinio
543 2990 743 3068 reprobabile
765 2998 809 3051 est
830 2991 952 3051 traditos
968 2997 1156 3070 acceperunt.
1185 2992 1298 3069 Nempe

133 3089 225 3150 multo
253 3092 348 3152 minus
370 3091 542 3153 Archilocho
571 3095 698 3155 inventio
728 3096 873 3171 elegorum
897 3094 1067 3156 vindicanda
1096 3101 1150 3154 est.
1194 3093 1252 3155 Sed
1273 3094 1299 3153 is

134 3193 190 3253 fuit
215 3195 261 3271 A,
296 3196 346 3274 qui
368 3198 397 3255 in
419 3197 474 3257 hac
496 3199 542 3257 via
563 3206 715 3278 postquam
736 3199 843 3259 institit
864 3204 941 3259 certo
963 3198 1121 3276 audacique
1142 3197 1215 3276 pede
1236 3215 1299 3277 pro

133 3299 365 3376 gressusipsam
393 3319 462 3359 suae
478 3303 586 3361 aetatis
609 3308 637 3362 ct
658 3321 796 3380 personae
818 3304 907 3363 vitam
929 3305 961 3362 in
988 3301 1097 3362 litteras
1118 3301 1238 3362 inferret
1259 3305 1297 3375 et,
1336 3312 1339 3316 '

133 3404 251 3460 uteret
273 3401 374 3462 sollers
401 3408 488 3482 atque
509 3406 688 3482 ingeniosus,
718 3407 866 3485 aptissimo
889 3408 1030 3467 sermonis
1052 3405 1136 3466 metri
1157 3403 1296 3465 recitatio·

133 3501 180 3562 nis
202 3520 306 3579 genere
327 3512 557 3585 prosequeretur.

220 3707 263 3769 Ac
284 3710 408 3786 primum
435 3714 553 3791 quidem
573 3707 809 3777 ARGVMENTA
831 3713 1056 3793 contemplemur
1083 3713 1177 3792 poesis
1206 3711 1299 3771 arehi-

135 3809 268 3885 locheae,
297 3819 434 3890 quantum
462 3815 685 3892 fragmentorum
707 3820 859 3896 exiguitate
887 3818 961 3878 licet.
1007 3816 1069 3893 Quo
1091 3810 1120 3876 in
1143 3819 1296 3892 conspectu

133 3912 296 4017 fragmenta
319 3919 388 3977 satis
412 3919 511 3994 multe,
535 3922 611 3999 qnod
634 3924 706 3983 certi
728 3923 800 3984 nihil
821 3922 967 4000 praebent,
991 3915 1150 3982 omittenda
1171 3919 1296 3978 inerunt.

132 4014 205 4076 ltem
221 4034 255 4076 ea
270 4022 386 4095 tangere
400 4023 489 4100 nolui,
512 4043 585 4103 quae
601 4025 741 4102 Berglrius
763 4028 794 4087 in
809 4025 953 4103 adespotis
967 4043 996 4101 p.
1012 4023 1031 4084 l.
1048 4042 1090 4100 gr.
1105 4021 1143 4084 lll
1158 4042 1185 4100 p.
1204 4021 1296 4093 1323,

139 4121 236 4194 1358,
264 4119 335 4181 alias
356 4124 519 4188 dubitanter
541 4130 714 4191 Archilocho
741 4131 851 4191 tribuit.
894 4129 939 4189 Ex
965 4124 1068 4188 ceteris
1098 4123 1213 4204 singula
1234 4142 1297 4185 sus·

134 4223 213 4300 picor
234 4225 375 4301 respicere
397 4229 433 4288 ad
456 4249 503 4291 rcs
525 4250 560 4292 ex
581 4232 696 4293 Homeri
719 4233 894 4294 carminibus
916 4238 1000 4291 notas
1023 4228 1100 4291 velut

133 4327 169 4394 fr.
194 4334 248 4393 30:
272 4327 312 4397 ὡς
334 4325 369 4388 ἂν
392 4330 441 4389 καὶ
463 4327 557 4417 γέρων
579 4333 730 4420 ἠράσσατο
754 4337 789 4395 ad
812 4330 837 4394 Γ
862 4337 920 4395 154
943 4339 973 4393 et
994 4351 1074 4411 sequ.
1097 4351 1125 4391 v.
1148 4334 1176 4390 et

133 4439 168 4499 fr.
194 4441 248 4502 73:
271 4432 451 4522 Ἤμβλακον
474 4437 526 4499 καὶ
547 4437 603 4501 πού
618 4445 673 4498 τιν’
698 4439 789 4499 ἄλλον
817 4423 864 4505 ἥδ’
887 4439 945 4502 ἀτη
968 4429 1112 4521 κιχήσατο
1141 4432 1179 4495 ad
1201 4430 1225 4492 'l'
1249 4434 1297 4492 94.
