2864 5002
612 372 813 466 Δι-

90 650 99 661 ’
132 571 163 629 in
187 571 280 630 verbis
302 571 456 649 adternas
478 572 601 650 syllabas
624 579 796 634 contractae.
834 575 891 636 cfr.
915 593 988 655 quae
1009 575 1083 634 Plut.
1109 579 1125 634 7
1149 576 1238 636 habet
1257 572 1292 636 de

134 669 297 732 Stesichoro
320 672 434 750 Olympi
464 691 578 741 nomum
607 677 750 752 quendam
777 678 899 736 imitato:
928 671 1109 758 χρησάμενος
1130 682 1174 753 τῷ
1197 676 1291 759 ἀρρα-

131 770 189 850 τόῳ
211 769 292 855 νόμῳ
315 771 365 832 καὶ
387 779 431 848 τῷ
449 771 529 833 κατὰ
553 761 702 835 δάκτυλον
725 763 806 852 εἴδει,
830 774 936 847 ότινες
959 765 990 846 ἐξ
1013 774 1112 860 όρδίου
1130 774 1220 861 νόμου
1237 797 1292 861 φα·
1342 756 1347 769 ⁴

132 872 178 932 σὶν
193 868 287 935 Δεἶναι.
333 876 468 953 Rhythmi
499 877 598 951 igitur,
626 897 660 937 ex
689 880 792 956 quibus
821 880 920 939 Pollux
949 881 967 938 l.
990 880 1009 938 l.
1032 880 1193 939 nominatos
1222 880 1293 940 dicit

131 995 250 1036 nomam
273 979 396 1037 orthium
430 986 458 1037 et
479 979 661 1055 trochaeum,
695 999 752 1040 non
780 987 846 1040 sunt
878 981 1052 1057 singulorum
1086 982 1207 1058 pedum,
1242 981 1292 1041 sed

130 1080 374 1155 compositorum,
402 1098 474 1157 quos
497 1080 619 1157 explicat
640 1083 756 1142 Aristid.
790 1080 887 1156 Quint.
909 1100 937 1158 p.
963 1085 1018 1155 34,
1042 1082 1101 1142 sive
1124 1117 1162 1125 —
1179 1089 1218 1143 ut
1239 1102 1292 1143 nos
1410 1136 1415 1145 .

130 1181 227 1241 dicere
244 1183 452 1254 consuevimus
475 1216 513 1224 -
537 1184 697 1244 breviorum
720 1185 860 1245 ordinum.
892 1184 991 1261 Neque
1013 1183 1095 1244 aliter
1108 1185 1293 1262 intellegendi

131 1288 202 1344 sunt
228 1284 349 1362 spondei
378 1285 522 1360 duplices,
557 1304 629 1364 quos
656 1287 682 1345 si
712 1306 745 1347 ex
768 1286 881 1365 Olympi
905 1285 1061 1363 ‘disciplina
1089 1279 1177 1351 (Plut.
1205 1291 1239 1347 ll
1265 1292 1293 1347 et

130 1385 264 1465 saepius)
297 1388 326 1446 in
347 1405 443 1445 usum
471 1385 692 1447 libamentorum
720 1390 904 1449 transsnmsit
931 1388 1095 1465 Terpander
1124 1382 1191 1467 (cfr.
1213 1388 1249 1448 fr.
1275 1391 1289 1446 1

129 1511 160 1552 v.
185 1491 254 1579 3.i⁰
276 1489 392 1564 Berghii
413 1488 618 1563 diagrammate
639 1509 666 1567 p.
685 1485 771 1570 813),
793 1511 845 1568 pro
869 1478 1017 1568 dactylidis
1039 1492 1162 1569 dipodiis
1184 1492 1292 1567 positos
1337 1568 1342 1577 Ι

131 1582 259 1670 apparet.
304 1593 403 1669 Neque
436 1591 512 1649 enim
543 1591 648 1651 licebat
679 1594 789 1670 priscae
818 1593 1025 1652 citharoedicae
1048 1593 1227 1666 auctoribus,
1261 1599 1293 1653 ut

131 1694 173 1754 ait
194 1693 266 1755 Plut.
296 1714 320 1754 c.
345 1695 373 1767 6,
405 1687 579 1775 μεταφέρειν
609 1689 662 1763 τοὶς
691 1692 830 1777 ἁρμονίας
860 1691 910 1752 καὶ
936 1689 1005 1763 τοὺς
1033 1689 1169 1778 ῥυθμούς.
1223 1695 1292 1755 Item

132 1796 254 1859 Glonae.
275 1781 421 1880 προσόδια
453 1800 482 1854 et
514 1791 601 1878 νόμος
634 1791 801 1879 κωμάρχιος
825 1798 848 1856 si
870 1815 929 1855 non
951 1794 1132 1872 dactyhcum,
1165 1796 1194 1855 id
1217 1796 1292 1874 quod

130 1897 245 1957 Eumcli
266 1899 300 1956 ir.
322 1917 348 1976 p.
374 1898 431 1958 811
459 1897 492 1956 B.
516 1902 545 1956 et
565 1898 669 1974 prioris
686 1899 792 1995 aetatis
815 1903 910 1982 κῶμοι
933 1895 1011 1973 (Hes.
1032 1898 1110 1958 Scut.
1135 1895 1207 1973 281)
1230 1917 1293 1958 sua-

132 1995 201 2059 dere
222 2001 345 2078 possint,
367 2006 397 2060 at
419 2001 631 2077 anapaesticum
654 2000 826 2060 exhibebant
847 2000 993 2076 rythmum
1020 2000 1080 2059 sola
1102 2001 1233 2060 anacrusi
1255 2000 1292 2060 ab

106 2100 182 2192 ‘illo
205 2102 359 2161 diversum.
404 2102 555 2179 Proprium
584 2103 671 2177 igitur
693 2102 781 2162 iambi
803 2103 969 2180 rhythmum
998 2105 1026 2160 in
1048 2101 1149 2162 litteris
1173 2120 1230 2162 non
1252 2101 1293 2160 in-

131 2204 263 2263 venimus
285 2209 351 2263 ante
366 2194 579 2278 Archilochum,
602 2205 651 2282 qui
673 2205 703 2264 in
727 2205 825 2263 metris
842 2202 1008 2263 sollemnem
1032 2202 1193 2262 scholarum
1208 2221 1291 2261 usum
1379 2228 1384 2237 ·

132 2311 303 2383 aspernatus
331 2311 419 2364 artem
448 2306 608 2365 liberiorem
636 2306 733 2384 populi
755 2307 879 2367 malebat
901 2306 992 2383 sequi,
1024 2299 1196 2383 quamquam
1218 2323 1292 2363 nova

131 2409 221 2485 ipsius
244 2409 367 2489 musicae
389 2394 504 2467 inienta
526 2409 654 2486 accipere
677 2416 762 2487 atque
784 2411 868 2469 etiam
891 2410 1062 2483 coniungere
1089 2405 1134 2484 (ir.
1160 2404 1209 2485 76)
1233 2425 1292 2466 non

132 2510 282 2570 dubitavit.
328 2508 385 2570 Sed
407 2511 476 2569 haec
499 2511 637 2569 hactenus
659 2511 695 2569 de
718 2511 827 2586 origine
849 2513 960 2586 generis
983 2510 1112 2586 duplicis.

219 2612 335 2689 Recepti
371 2613 437 2672 novi
469 2612 595 2691 rhythmi
627 2613 713 2689 pedes
748 2619 777 2672 et
803 2632 901 2672 versus
929 2611 964 2672 Α.
977 2613 1091 2681 ,mirum
1118 2613 1149 2671 in
1174 2611 1290 2670 modum

132 2715 263 2774 variavit.
308 2713 447 2794 Dactylici
480 2715 566 2793 pedes
597 2715 702 2791 singuli
723 2715 885 2791 spondaicis
912 2713 1004 2774 solum
1031 2715 1136 2773 mutari
1157 2719 1290 2790 possunt:

133 2819 249 2879 iambici
272 2823 300 2877 et
320 2819 457 2878 trochaici
471 2821 568 2879 ternis.
599 2818 708 2878 Horum
725 2818 800 2877 enim
816 2824 864 2877 aut
880 2817 1014 2877 brevibus
1029 2816 1160 2875 thesibus
1176 2811 1293 2900 ἀλόγως

131 2920 279 2998 productis
308 2925 357 2980 aut
383 2923 495 2981 ansibus
522 2923 552 2981 in
581 2922 662 2981 binas
690 2920 791 2980 breues
814 2919 937 2998 syllabas
959 2919 1110 2979 disiunctis
1133 2919 1221 2998 pedes
1244 2936 1291 2977 ex·

133 3028 212 3084 stant
233 3023 345 3084 vicarii:

239 3183 263 3236 l.
287 3176 430 3254 spondeus
452 3175 501 3253 qui
524 3184 641 3235 vocatur
661 3176 835 3236 irrationalis
859 3172 899 3254 (T
919 3167 944 3212 Α
959 3173 1004 3233 vel
1028 3169 1053 3214 A
1074 3171 1125 3253 Τ),

236 3281 263 3340 2.
281 3280 447 3370 tribrachys
469 3278 625 3339 iamboides
648 3279 693 3338 vel
714 3280 874 3339 trochoides
898 3269 1000 3357 (υᾷ
1015 3269 1174 3359 Velssvh

237 3387 264 3442 3.
289 3383 408 3441 choreus
431 3382 590 3441 iamboides
612 3381 660 3440 rel
681 3382 842 3442 trochoides
870 3379 923 3459 (sic
952 3381 1040 3441 Arist.
1064 3380 1160 3455 Quint.
1185 3400 1211 3458 p.
1236 3375 1291 3456 39)

285 3486 345 3543 sive
367 3484 540 3544 irrationalis
562 3484 689 3563 dactylus
706 3484 752 3543 vel
767 3491 940 3562 anapaestus
956 3485 997 3599 (Τ
1008 3479 1058 3562 ;’;
1069 3485 1114 3544 vel
1125 3476 1175 3563 ᾗ
1185 3484 1237 3597 Τ).

133 3640 192 3703 cfr.
216 3639 305 3716 Heph.
334 3659 361 3716 p.
389 3637 435 3698 17.
464 3637 646 3717 Anapaestus
678 3643 773 3698 autem
805 3639 835 3697 in
867 3638 996 3698 iambicis
1011 3638 1014 3643 '
1029 3639 1172 3713 versibus,
1206 3655 1291 3715 quem

131 3742 225 3820 Heph.
254 3741 333 3803 addit
360 3747 529 3819 usurpatum
555 3737 636 3823 nepai
666 3735 718 3823 μὲν
744 3746 805 3810 τοῖς
834 3748 974 3825 κωμικοῖς
997 3747 1133 3824 συνεχῶς,
1155 3735 1235 3823 παρὰ
1258 3726 1291 3798 δὲ

131 3851 195 3913 τοῖς
217 3842 400 3928 ἰαμβοποιοῒς
427 3843 477 3903 καὶ
500 3851 648 3930 τραγικοῖς
675 3839 883 3926 σπανιώτερον,
911 3850 939 3904 et
960 3844 1088 3922 dactylus
1114 3842 1143 3900 in
1172 3842 1292 3901 trochai-

131 3949 174 4009 cis
197 3967 252 4007 non
275 3949 428 4014 invenitur.
471 3946 513 4006 Ea
541 3949 616 4007 enirn
646 3947 800 4020 vocabula,
835 3965 907 4023 quae
929 3948 982 4005 hos
1010 3945 1098 4022 pedes
1112 3940 1230 4004 'efficere
1253 3945 1292 4002 vi-

132 4053 250 4124 dentur,
285 4069 335 4126 per
363 4051 504 4128 synizesin
533 4049 726 4110 contrahenda
753 4054 818 4108 sunt
845 4048 922 4107 velut
947 4048 982 4107 fr.
1008 4049 1063 4122 64,
1091 4049 1140 4119 69,
1163 4047 1203 4105 70
1226 4046 1290 4106 alia.

129 4155 203 4214 ltem
225 4153 330 4211 iniuria
352 4152 440 4213 schol.
463 4151 554 4231 Heph.
577 4170 604 4228 p.
624 4153 681 4212 152
705 4150 740 4210 de
763 4151 973 4211 characteribus
1000 4148 1122 4208 trimetri
1143 4148 1292 4225 disputans

130 4255 401 4332 iambographorum
429 4254 498 4313 dicit
518 4255 680 4338 proprium=
694 4249 729 4310 τό
753 4242 948 4330 δισυλλάβους
976 4247 1081 4333 μόνους
1104 4237 1292 4334 ἐπιδέχεσθαι

129 4347 228 4426 πόδας
250 4357 437 4434 similiterque
460 4355 531 4416 Mar.
555 4355 627 4417 Vict.
651 4376 678 4433 p.
703 4357 742 4414 85
765 4359 960 4414 tetrametrum
983 4352 1082 4412 archil.
1105 4373 1138 4413 ex
1160 4355 1291 4415 omuibus

129 4461 274 4525 trochaeis
304 4466 443 4520 constare.
487 4458 547 4519 Hos
573 4461 649 4520 enim
678 4457 812 4518 refellunt
840 4455 968 4536 exempla
994 4455 1044 4517 A.:
1074 4457 1122 4531 25,
1147 4460 1173 4516 3.
1199 4461 1248 4533 74,
1273 4461 1289 4517 2
