2864 5002
695 330 733 387 54

86 605 88 610 Ι
130 528 289 604 abiudicat,
317 524 426 611 τρόπου
450 515 693 598 οπονδειάζοντος
721 529 782 588 sive
809 513 1020 604 σπονδειπκοῦ,
1052 530 1133 590 euius
1155 530 1295 608 exemplis

130 629 299 691 Plutarchus
322 631 412 690 utitur
433 649 457 691 c.
479 626 515 690 19
538 649 561 689 s.
576 628 607 702 l.,
631 634 775 690 auctorem
797 644 859 690 essa
881 636 959 690 ratus
974 630 1185 709 remanorum,
1209 650 1294 710 quem

130 737 196 792 anta
217 733 419 793 Archilochum
441 732 531 792 fuisse
554 751 642 808 supra
668 751 695 809 p.
721 733 759 791 26
783 733 840 791 iam
864 732 994 792 diximus.
1039 727 1081 794 Et
1109 738 1191 794 recte
1212 733 1294 809 illud,

131 840 163 894 ut
187 835 308 896 videtur.
363 836 435 896 Nam
461 835 538 895 illius
571 835 645 911 tropi
673 839 816 895 auctorem
843 834 969 894 iudicare
995 853 1053 895 non
1081 836 1294 912 Terpandrnm,

130 937 180 997 sed
203 935 372 1015 Olympum,
404 938 433 998 id
457 936 535 1014 quod
557 941 719 997 statuerunt
743 936 901 997 Rossbach.
924 936 936 997 Ι
958 956 984 1014 p.
1008 941 1100 999 sset
1119 937 1293 999 Volkmann.

130 1039 168 1100 ad
190 1038 264 1099 Plut.
287 1039 306 1100 l.
329 1059 356 1117 p.
383 1044 457 1115 107,
487 1044 617 1100 vetamur
639 1040 749 1099 duabus
771 1040 940 1115 rationibus,
969 1045 998 1100 et
1018 1040 1093 1119 quod
1118 1045 1293 1101 memoratur

130 1144 196 1200 nete
218 1136 417 1224 συνημμένων,
448 1160 521 1220 quae
542 1142 731 1202 instrumento
761 1142 856 1202 editur
876 1148 942 1219 post
964 1140 1119 1221 Olympum
1140 1142 1292 1218 instructo,

131 1248 160 1302 et
180 1242 256 1320 quod
278 1243 388 1318 verbis,
416 1262 490 1321 quae
512 1248 684 1321 sequuntur:
720 1239 819 1310 Δῆλον
843 1229 868 1300 δ’
890 1235 963 1302 εἶναι
991 1240 1054 1304 καὶ
1082 1242 1202 1305 ἐκτῶν
1225 1261 1292 1327 ppu-

132 1339 205 1429 γίων
218 1389 225 1405 .
238 1390 246 1406 .
261 1392 267 1405 .
281 1391 305 1420 .,
335 1343 474 1424 Olympus
502 1347 609 1404 musico
642 1352 725 1407 antea
751 1346 827 1405 dicto
853 1345 969 1405 disertis
995 1348 1093 1407 verbis
1129 1346 1291 1425 opponitur.

132 1445 232 1524 Itaque
254 1447 372 1506 eximiae
387 1447 552 1507 Archilochi
573 1447 652 1507 laudi
667 1446 875 1527 aliquantulum
897 1448 944 1508 hic
960 1448 1074 1508 videtur
1094 1450 1158 1510 iure
1173 1447 1291 1523 detrahi,

131 1548 160 1608 id
194 1549 270 1624 quod
304 1550 333 1607 in
366 1552 445 1608 tanta
477 1549 658 1609 inventorum
692 1551 773 1628 copia
805 1549 886 1610 facile
920 1551 1052 1627 patimur.
1105 1549 1195 1611 Usum
1230 1569 1291 1611 uero

132 1648 213 1710 illum
237 1668 304 1710 voce
326 1656 355 1709 ct
375 1650 564 1710 instrumento
587 1650 713 1713 diversos
741 1652 845 1711 edendi
873 1670 958 1712 sonos
980 1670 1037 1711 non
1064 1658 1109 1715 ast
1129 1671 1181 1713 cur
1202 1652 1242 1713 ab
1261 1670 1291 1713 ao

132 1751 336 1812 abiudicemus.

216 1852 269 1914 His
302 1856 343 1914 ita
375 1853 523 1932 explicatis
557 1857 640 1917 nobis
675 1860 788 1916 constat
810 1855 1013 1915 Archilochum
1045 1856 1156 1916 iambos
1190 1856 1290 1934 partim

132 1956 267 2032 ariorum,
290 1962 322 2016 ut
337 1975 388 2017 nos
404 1956 535 2031 dicimus,
558 1959 662 2035 partim
678 1957 913 2018 melodramatum
928 1958 1020 2017 instar
1034 1958 1204 2019 recitarissa
1215 1959 1291 2020 item·

132 2078 187 2136 que
209 2059 337 2119 carmina
352 2061 457 2119 ceteris.
473 2062 572 2125 metris
588 2060 716 2120 confecta
737 2060 993 2121 instrumentorum
1018 2054 1117 2140 (atium
1134 2061 1292 2123 tibiarum?

132 2181 159 2220 v.
189 2161 223 2220 fr.
260 2164 297 2221 76
326 2167 354 2222 et
393 2161 459 2236 123)
489 2165 567 2222 sonis
596 2169 779 2240 prosecutum
815 2181 878 2222 esse
905 2181 922 2222 a
949 2163 1027 2222 sonis
1058 2163 1134 2223 vocis
1160 2163 1291 2225 disemis.

132 2264 197 2323 Non
218 2283 316 2323 omnes
337 2265 446 2324 iambos
468 2284 520 2342 per
541 2264 761 2342 paracatalogen
785 2264 875 2324 dictos
898 2283 950 2325 nec
972 2266 1067 2324 omnia
1090 2264 1145 2325 alia
1168 2268 1294 2339 carmina

133 2367 225 2426 altera
248 2367 422 2426 recitationis
451 2369 559 2426 ratione
583 2373 696 2427 cantata
718 2385 783 2426 esse
813 2366 894 2426 facile
916 2365 1098 2443 intellegitur.
1142 2369 1235 2429 Novis
1255 2389 1294 2430 re·

133 2464 242 2528 citandi
264 2470 373 2528 artibus
400 2488 469 2536 num
493 2471 610 2548 propria
637 2463 827 2529 instrumenta
856 2470 991 2546 adaptata
1011 2469 1125 2544 fuerint,
1148 2476 1196 2531 est
1217 2472 1295 2533 dubi·

131 2571 260 2630 tandum.
305 2554 471 2647 Supersedit
500 2572 553 2630 hac
581 2572 748 2650 quaestione
771 2571 854 2633 Ode
876 2571 933 2630 lan.
957 2574 986 2631 in
1019 2573 1135 2650 copiosa
1166 2573 1206 2634 da
1236 2574 1295 2635 fidi·

135 2673 187 2732 bus
209 2671 382 2733 Graecorum
412 2674 613 2734 dissertatione
635 2673 728 2735 Berol.
756 2676 833 2734 1859
858 2673 942 2733 edita.
987 2673 1145 2751 Westphal.
1167 2677 1199 2737 in
1228 2677 1293 2737 hist

134 2794 207 2834 mus.
229 2794 257 2852 p.
284 2778 341 2834 136
370 2777 539 2836 sententiam
570 2776 719 2836 confirmet
746 2775 884 2853 Phyllidis
914 2775 989 2835 Delii
1016 2777 1090 2854 apud
1124 2777 1194 2839 Ath.
1228 2778 1295 2841 XIV

135 2879 195 2937 636
218 2877 240 2936 Β
263 2884 417 2937 servatam:
448 2875 477 2936 ἐν
507 2869 548 2947 οἷς
567 2874 637 2961 pods
665 2873 788 2960 ἰάμβους
810 2862 901 2959 ᾖδον,
930 2873 1076 2962 ἰαμβύκας
1098 2877 1245 2938 ἐκάλουν·
1269 2878 1296 2940 ἐν

45 3040 48 3045 ,
135 2970 175 3049 οἷς
200 2963 232 3037 δὲ
253 2967 485 3065 παρελογίζοντο
530 2979 681 3056 (Bergkius
709 2981 878 3040 mutandum
910 2981 1029 3041 coniecit
1054 2980 1296 3068 παρεκαταλογί·
1331 3012 1335 3043 ·.

90 3109 92 3113 ⁴
135 3070 233 3154 ζοντο)
263 3077 302 3139 cci
324 3081 354 3140 ἐν
376 3089 437 3151 τοῖς
459 3077 583 3165 μέτροις,
606 3074 796 3167 κλεψίαμβος.
827 3080 864 3143 Et
885 3082 1009 3156 fuerunt,
1032 3085 1082 3162 qni
1103 3084 1176 3146 haec
1193 3088 1297 3148 instru-

135 3190 231 3244 menta
253 3184 288 3244 ab
311 3186 373 3263 ipso
389 3184 559 3245 Archilocho
581 3186 697 3245 inventa
713 3191 875 3259 censerent3
898 3185 956 3245 vid.
979 3186 1014 3246 de
1036 3187 1081 3246 his
1097 3205 1155 3248 voc.
1171 3188 1297 3269 Hesycb.

135 3296 162 3347 et
184 3288 266 3348 Phot.
310 3288 408 3366 ltaque
431 3287 625 3366 Westphalius
653 3289 683 3348 in
709 3288 856 3348 recitando
884 3289 984 3348 codem
1012 3291 1138 3350 carmine
1171 3292 1298 3357 iambico

135 3410 186 3468 per
207 3389 378 3451 cantilenam
397 3391 559 3471 iambycen‚
584 3411 633 3469 per
656 3391 873 3469 paracatalogen
895 3390 1108 3469 clepsiambum,
1123 3401 1228 3471 poetae
1251 3416 1298 3476 pu·

135 3499 178 3553 tat
200 3494 264 3553 usui
283 3492 381 3554 fuisse.
428 3495 496 3553 Mihi
523 3495 578 3554 hoc
600 3496 733 3572 quoniam
762 3495 885 3555 subitam
912 3495 942 3553 in
964 3496 1131 3556 recitatione
1153 3499 1299 3563 vicissitu-

136 3596 230 3655 dinem
253 3597 393 3674 impedire
408 3597 529 3672 videtur,
553 3598 647 3656 minus
671 3602 714 3657 est
735 3597 892 3674 probabile.
923 3597 1012 3657 lmmo
1035 3600 1172 3678 quoniam
1196 3603 1300 3683 clapsi-

136 3699 221 3773 ambi,
243 3704 275 3758 ut
296 3698 454 3778 Hesychius
477 3719 499 3760 s.
523 3700 552 3759 h.
568 3720 593 3758 ν.
617 3699 713 3776 prodit
734 3719 768 3759 ex
790 3701 932 3760 sententia
954 3697 1125 3777 Aristoxeni,
1147 3706 1300 3768 nominan-

136 3804 183 3862 tur
206 3795 281 3885 μέλη
303 3797 369 3859 τινὰ
391 3798 471 3884 παρὰ
493 3795 647 3882 Ἀλκμᾶνι,
671 3820 744 3881 quae
767 3803 828 3862 sine
850 3803 937 3863 dubio
960 3804 997 3863 ad
1019 3802 1185 3867 Archilochi
1206 3826 1299 3871 exem·

136 3903 183 3981 pla
203 3904 341 3982 quaedam
363 3904 429 3965 ficta
451 3913 533 3982 sunt,
561 3904 726 3982 amphorem
748 3905 913 3984 clepsiambi
941 3926 1024 3966 usum
1051 3906 1142 3967 velim·
1161 3914 1300 3975 statuam.

136 4006 275 4085 Denique,
298 4015 329 4066 ut
350 4008 404 4067 hoc
426 4009 539 4080 addam,
563 4007 730 4068 Ambrosius
752 4009 781 4067 in
809 4009 838 4068 h.
863 4028 899 4068 m.
922 4028 951 4086 p.
976 4011 1034 4069 247
1060 4041 1098 4051 -
1121 4028 1228 4087 parum
1249 4016 1300 4077 its·

135 4128 199 4168 rum
223 4115 339 4170 naturae
366 4111 459 4187 poesis
487 4110 683 4172 archilocheae
712 4130 820 4172 memor
846 4119 875 4171 et
901 4130 1008 4188 gnarus
1030 4146 1070 4157 -
1092 4128 1238 4178 novorum
1261 4118 1300 4181 in·

137 4216 358 4272 strumentorum
380 4233 462 4272 usum
485 4214 551 4272 inde
573 4215 686 4290 repetit,
709 4214 783 4291 quod
808 4215 842 4273 A.
866 4214 974 4273 cithara
997 4232 1079 4274 sacra
1100 4215 1142 4276 uti
1164 4217 1299 4283 noluerit

138 4311 169 4374 Si
191 4313 226 4374 A.
249 4333 324 4374 nova
344 4316 455 4375 invenit
488 4321 517 4374 et
548 4317 679 4375 adhibuit
700 4318 904 4392 instrumenta,
937 4317 968 4376 id
995 4317 1093 4378 eadem
1114 4319 1187 4381 ⁴sina
1209 4322 1299 4386 dnbio

138 4435 224 4477 causa
247 4417 352 4477 tactum
375 4424 428 4495 est,
452 4436 509 4496 qua
525 4420 744 4496 paracatalogen
766 4438 831 4479 eum
853 4420 1037 4498 usurpavisse
1057 4421 1197 4486 diximus:
1222 4427 1299 4506 quod
