2864 5002
625 361 816 450 „⁵2-

144 562 307 639 pertinent,
335 559 499 622 Archilochi
521 567 615 620 autem
639 561 736 620 metris
762 549 818 621 ista
838 561 954 620 nomina
987 580 1019 619 eo
1043 562 1137 620 minus
1159 560 1220 619 indi
1243 579 1307 638 pos·

145 667 221 735 sunt,
245 663 319 740 quod
343 681 378 722 ne
400 663 546 722 inventum
569 662 682 739 quidem
706 668 756 723 ant
770 664 906 723 usitatum
928 667 989 722 tum
1012 662 1100 722 fuisse
1123 662 1235 721 videtur
1256 680 1306 739 ge-

145 782 200 823 nus
223 763 394 841 sescuplum.
437 763 507 823 Item
530 764 578 822 hic
599 765 675 824 arsin
699 765 888 824 irrationalem
910 765 940 823 in
964 765 1035 824 duas
1056 765 1159 824 breves
1182 762 1306 843 syllabas

143 865 277 939 dissolvi,
312 865 341 925 id
370 864 445 944 quud
476 865 580 925 iactum
612 871 656 926 est
676 867 706 925 in
728 866 763 925 fr.
789 868 843 942 80,
877 865 961 933 facile
991 870 1111 944 apparet
1133 885 1189 925 non
1211 866 1305 925 licere.

144 968 253 1028 Verum
277 968 333 1028 hae
361 967 542 1027 difficultates
570 969 638 1028 vitio
667 969 821 1029 vertendae
843 969 975 1028 videntur
1004 988 1061 1028 non
1085 975 1145 1029 tam
1167 967 1222 1046 ipsi
1244 968 1306 1027 Ari-

143 1075 262 1131 stoxeno
283 1070 313 1128 in
334 1070 389 1130 hac
410 1069 530 1130 fortasse
551 1089 582 1130 re
600 1071 787 1132 describenda
809 1090 910 1148 parum
932 1076 1024 1144 cauto,
1049 1090 1133 1150 quam
1150 1070 1304 1130 Plutarcho

143 1173 204 1232 sive
226 1173 286 1232 eins
316 1173 423 1233 auctori
447 1173 552 1251 quippe
579 1179 657 1233 recto
679 1171 847 1233 Aristoxeni
868 1173 984 1233 numine
1016 1173 1091 1237 falso.
1110 1193 1160 1251 per
1182 1184 1324 1233 errorem¹

141 1280 171 1334 et
192 1275 354 1336 socordiam
376 1274 438 1335 loco
461 1276 599 1335 abutenti.
644 1275 732 1337 (iuius
754 1276 861 1336 abusus
884 1295 998 1336 oausam
1022 1277 1052 1335 in
1075 1295 1107 1335 ea
1131 1295 1160 1335 re
1183 1277 1304 1353 positam

142 1376 313 1453 credideris,
346 1377 421 1456 quod
446 1382 477 1436 ut
497 1379 594 1438 cretici
613 1377 769 1437 ditrochaei
791 1379 933 1456 spondeos
955 1379 1102 1457 aspernari
1127 1378 1304 1454 dicebantur,

140 1478 182 1537 ita
204 1477 448 1539 archilocheorum
471 1486 698 1557 asynartetorum
727 1488 823 1558 partes
843 1474 949 1541 alterae
972 1501 1005 1541 ex
1028 1480 1096 1541 selis
1118 1482 1222 1561 ubique
1245 1482 1304 1541 iere

141 1581 285 1641 trochaeis
308 1588 439 1642 constare
462 1582 640 1642 videbantur.

227 1681 306 1743 Haec
328 1701 393 1743 mea
407 1684 567 1744 emendatio
589 1686 613 1744 si
636 1703 693 1744 non
709 1685 822 1745 videtur
843 1684 1019 1762 probabilior
1042 1704 1126 1764 quam
1140 1680 1304 1761 'Bergkiana

141 1802 230 1861 supra
251 1783 377 1863 landate,
400 1789 429 1845 at
450 1804 508 1845 non
530 1793 575 1851 est
588 1786 739 1847 diffieilior.
769 1784 865 1868 Atque
888 1806 922 1847 ea
943 1793 1060 1864 accepta
1081 1784 1195 1864 longius
1218 1789 1303 1848 etiarn

140 1885 275 1963 progredi
295 1887 394 1947 liceret
415 1887 451 1947 ad
474 1888 683 1948 emendandum
707 1889 799 1949 locum
820 1882 865 1948 A'.
897 1888 951 1948 Hic
972 1890 1058 1966 enim,
1081 1890 1220 1968 siquidem
1241 1890 1303 1949 loco

139 1981 174 2046 B'
199 1988 383 2065 proferuntur
412 1988 540 2067 exempla
567 1995 622 2059 τῆς·
649 1991 689 2059 εἰς
715 1986 783 2059 τοὺς
819 1988 875 2071 οὐχ
896 1989 1046 2074 ὁμογενεῖς
1067 1985 1195 2075 ῥυθμοὺς
1218 1988 1302 2050 ἐντά-

140 2106 215 2160 σεως
238 2090 299 2167 (Β),
333 2091 416 2152 facile
438 2097 558 2170 apparet
589 2092 738 2152 tractanda
759 2092 846 2152 fuisse
879 2091 1009 2170 exempla
1042 2111 1133 2153 novae
1155 2093 1302 2173 rhythmo·

139 2191 257 2268 pceiae,
284 2193 320 2252 de
343 2212 400 2272 qua
422 2202 468 2253 est
490 2193 568 2255 locus
592 2194 633 2272 A,
663 2194 837 2256 excludenda
859 2199 952 2255 autem
977 2194 1105 2273 exempla
1126 2195 1187 2254 eius
1209 2196 1301 2256 inten-

139 2295 238 2369 tionis,
263 2314 335 2374 quae
356 2296 472 2373 proprio
494 2288 653 2357 illustratur
673 2296 735 2358 loco
758 2292 801 2358 B'.
832 2297 928 2375 ltaque
952 2298 1055 2357 iniuria
1077 2297 1139 2358 loco
1155 2290 1190 2355 A'
1212 2297 1302 2358 incul-

138 2402 234 2456 catum
257 2404 310 2473 est,
333 2399 408 2477 quod
430 2397 494 2458 loco
517 2393 550 2458 B'
572 2400 753 2460 tractandum
776 2405 805 2460 et
830 2432 863 2441 —
882 2419 945 2460 mea
967 2401 1081 2479 quidem
1103 2402 1244 2460 sententia
1267 2433 1298 2442 —

137 2503 292 2558 tractatum
325 2500 392 2561 fnit:
427 2502 548 2561 heroum
580 2507 703 2562 auctum.
747 2501 843 2564 Verba
869 2503 926 2561 ista
953 2501 1008 2562 loci
1034 2496 1084 2562 A':
1119 2500 1169 2560 καὶ
1197 2503 1216 2568 a]
1244 2507 1298 2560 τοῦ

139 2596 239 2684 ἡρῴου
262 2602 322 2662 sive
348 2599 467 2685 πρώτου
494 2590 627 2680 αὔξησις,
657 2605 775 2683 perinde
802 2624 834 2665 ac
857 2604 1026 2666 vocabulum
1048 2591 1211 2690 ηὐξημένον
1233 2611 1299 2665 ante

136 2703 233 2784 ἡρῷον
255 2703 317 2764 loco
338 2698 371 2764 B'
394 2707 594 2784 anticipatione
616 2708 740 2786 quadam
761 2709 959 2786 interpositum
988 2701 1070 2789 (nam
1096 2708 1162 2784 ipsa
1183 2707 1297 2767 demum

135 2801 188 2864 illa
218 2809 379 2867 extentione
406 2809 525 2869 hereum
552 2803 685 2890 augetur)
723 2829 872 2889 perperam
904 2811 1081 2888 inepsernnt
1113 2829 1147 2869 ex
1180 2811 1298 2870 metrica
1410 2878 1412 2882 ¹

135 2907 260 2986 quadam
282 2909 421 2988 doctrina,
445 2931 518 2992 quae
540 2933 557 2974 a
578 2914 738 2992 rhythmico
753 2913 900 2973 Plutarchi
922 2919 1037 2973 auctore
1061 2912 1195 2989 primario
1218 2931 1296 2989 pror·

134 3029 185 3070 sus
206 3010 260 3070 fuit
284 3012 386 3073 aliena.
429 3015 530 3093 Neque
558 3017 652 3076 minus
682 3016 744 3076 loco
771 3009 807 3076 A'
830 3015 949 3076 delenda
977 3015 1109 3076 videntur
1130 3015 1231 3075 verba:
1260 3009 1296 3071 cd

95 3176 99 3183 ,
134 3097 327 3194 eporediensis
349 3112 398 3174 καὶ
420 3113 455 3176 τὰ
477 3115 629 3201 κρητικόν,
664 3139 737 3198 qnae
766 3119 864 3178 eadem
893 3118 954 3178 loco
976 3112 1010 3177 B'
1040 3107 1220 3194 repetuntur,
1250 3117 1296 3175 hio

135 3215 181 3274 vix
208 3215 277 3278 ferri
302 3227 430 3297 possunt.
473 3221 674 3283 Prosodiacum
704 3223 780 3282 enim
807 3241 875 3281 non·
893 3222 1036 3280 invenitur
1065 3219 1118 3278 nisi
1147 3238 1211 3277 cum
1241 3218 1295 3278 alio

135 3326 225 3382 metro
246 3322 282 3382 ad
305 3325 459 3403 asynarteti
482 3327 602 3385 formam
625 3321 832 3400 consociatum
867 3322 987 3382 dimeter
1014 3327 1110 3382 autern
1132 3321 1294 3380 trochaicus

133 3421 297 3508 (κρητικόν)
327 3444 500 3507 quamquam
529 3430 560 3488 in
581 3429 680 3506 epodis
711 3426 748 3506 (v.
771 3428 818 3503 IV)
852 3427 997 3504 proprium
1021 3429 1143 3502 occupat
1163 3424 1294 3484 versiculi

133 3529 241 3603 locum,
273 3535 371 3590 tamen
397 3531 444 3590 hic
472 3537 538 3609 post
565 3534 649 3593 verba
676 3533 706 3592 in
735 3534 899 3592 universnm
926 3529 1001 3588 dicta
1033 3523 1073 3586 τὰ
1101 3513 1205 3605 haurdai
1237 3546 1293 3587 non

133 3632 225 3707 m'agis
246 3632 299 3693 init
314 3633 503 3694 nominandus
518 3655 604 3713 quam
627 3636 675 3696 alii
691 3636 784 3713 epedi,
807 3653 927 3713 quorum
943 3632 1048 3692 mentio
1071 3649 1127 3689 non
1150 3634 1195 3689 est
1208 3630 1292 3690 facta.

133 3732 217 3809 Quod
240 3736 375 3813 quoniam
396 3735 460 3797 loco
483 3730 517 3796 A'
542 3744 570 3798 et
591 3731 624 3798 B'
647 3738 719 3799 nihil
740 3740 799 3798 iarn
822 3743 930 3812 exstat,
965 3733 1041 3813 quod
1063 3752 1121 3793 non
1143 3734 1180 3793 sit
1202 3751 1292 3792 exem·

132 3836 212 3916 plum
234 3844 283 3897 aut
303 3858 394 3900 novae
409 3847 563 3904 metrorum
580 3843 815 3920 synartetioornm
832 3841 1043 3918 epodorumque
1057 3836 1292 3916 rhythmopoeiae

134 3936 186 4018 (A)
209 3946 259 4000 aut
280 3943 447 4004 intentionis
469 3949 624 4007 metrorum
647 3949 874 4023 asynartetorum
900 3937 967 4023 (B),
989 3946 1067 4000 totus
1088 3938 1234 3998 Plutarchi
1256 3937 1291 3996 de
1339 4019 1343 4028 θ
1388 3987 1391 3994 .

131 4043 301 4104 Archilocho
330 4048 408 4107 locus
431 4048 466 4107 ad
493 4049 724 4127 perspicuitatem
747 4053 775 4108 et
799 4083 836 4092 -
858 4051 971 4125 praeter
998 4062 1030 4103 ea
1053 4061 1125 4120 quae
1152 4041 1224 4100 forte
1247 4059 1291 4099 ex·

131 4146 234 4207 cidisse
261 4151 374 4224 possint
401 4149 530 4226 exempla
558 4183 593 4192 —
630 4151 753 4211 auctoris
781 4148 925 4227 exemplar
953 4145 1080 4207 revocari
1107 4161 1192 4221 posse
1220 4144 1291 4203 mihi

130 4248 250 4308 videtur.
296 4248 351 4310 Sed
384 4251 490 4311 diutius
522 4253 553 4313 in
584 4254 630 4313 his
652 4254 796 4314 Plutarchi
828 4253 952 4312 tenebris
984 4248 1090 4308 morari
1124 4248 1179 4305 iam
1212 4247 1287 4307 nelo.

128 4350 282 4412 Illustratio
305 4371 368 4414 mea
390 4355 415 4414 si
437 4355 474 4414 ab
496 4354 559 4415 aliis
581 4358 727 4434 probatur,
750 4357 822 4417 bene
845 4362 902 4432 est3
929 4355 954 4415 si
978 4353 1082 4425 minus,
1105 4354 1202 4409 tamen
1223 4343 1288 4410 fidei

128 4471 209 4531 meae
236 4454 437 4532 disputationis
463 4458 534 4517 nihil
564 4458 732 4521 detrahitur.
777 4460 850 4521 Nam
871 4459 923 4536 iis,
958 4473 1030 4535 quae
1052 4452 1087 4578 dp
1110 4455 1208 4516 metris
1231 4471 1287 4515 om·
1362 4485 1365 4490 ·

998 4594 1000 4598 ν
1051 4560 1069 4613 4
