2864 5002
692 287 730 346 46

130 488 344 549 similitudinem
373 495 400 549 et
429 489 595 550 allusionem
624 508 657 548 eo
687 489 793 550 clarius
821 491 961 565 ostendit,
995 490 1020 549 si
1055 489 1149 548 forma
1179 506 1292 566 quoque

129 591 200 651 adeo
222 593 360 668 congruit,
384 598 416 650 ut
437 598 557 671 utroque
580 591 643 652 loco
666 611 740 651 uuus
765 598 857 653 exstet
880 612 988 653 versus.
1018 592 1078 651 Nec
1100 590 1170 650 licet
1194 591 1292 668 opinor

127 695 322 755 hexametrum
355 695 434 755 illum
463 727 495 736 —-
522 707 553 754 ut
584 701 687 772 putant
720 714 753 754 er
787 698 941 756 certamine
972 695 1088 754 Homeri
1114 699 1145 752 et
1175 692 1291 753 Hesiodi

129 803 275 876 sumptum
296 829 330 839 —
348 797 389 855 ita
413 797 548 871 dividere,
571 803 603 856 ut
625 799 697 856 alter
721 805 806 874 poeta
828 798 961 858 extremis
983 797 1095 857 duobus
1112 796 1209 857 verbis
1231 796 1290 855 sub

128 905 265 979 sequatur
286 899 486 976 praecedentia
508 899 544 958 ab
567 898 656 959 altero
679 906 799 960 cantata.
845 900 927 960 Talia
958 901 1034 960 enim
1057 897 1181 958 artificia
1203 916 1290 958 amoc

130 1003 213 1075 basa,
248 1002 351 1081 quibus
381 1003 410 1061 in
436 1002 606 1078 germanicis
634 1002 736 1063 litteris
768 1003 884 1063 fuerunt
911 1004 958 1082 qui
987 1001 1185 1078 indulgerent,
1220 999 1288 1078 apud

128 1111 238 1164 veteres
265 1123 325 1164 non
346 1105 545 1164 inveniuntur:
579 1105 696 1165 Hesiodi
719 1104 795 1182 quod
823 1105 913 1165 fertur
935 1109 1078 1181 certamen
1106 1102 1289 1181 similiterque

34 1285 37 1289 .
128 1207 237 1268 alterna
265 1207 410 1267 Theocriti
443 1212 472 1266 et
499 1205 616 1283 Vergilii
650 1208 776 1266 carmina
809 1208 939 1267 versibus
971 1213 1003 1266 ut
1035 1207 1115 1266 aiunt
1149 1204 1289 1282 parallelis

129 1311 287 1387 composita
318 1316 399 1385 sunt,
433 1328 490 1368 uon
525 1308 660 1367 membris
692 1310 895 1368 minutioribus
924 1311 1178 1386 scaenicorumque
1220 1303 1289 1391 μέλη

130 1409 274 1495 ἀμοιβαῖα
301 1411 384 1471 eliam
414 1417 572 1488 sequuntur
599 1412 755 1487 rationem3
789 1411 844 1471 vid.
877 1411 981 1471 Christ.
1007 1431 1034 1489 p.
1060 1411 1129 1470 635.
1186 1409 1290 1470 Deinde

130 1514 183 1573 etsi
204 1513 269 1573 aliis
291 1515 320 1571 in
335 1514 505 1592 asynartetis
529 1514 622 1573 brevis
646 1533 745 1573 versus
768 1514 904 1591 subsequi
919 1513 1014 1591 possit
1034 1512 1195 1588 longiorem
1219 1511 1292 1571 velut

129 1616 158 1674 in
180 1616 279 1693 epodis
307 1621 337 1690 1,
360 1620 396 1688 4,
421 1618 455 1690 6,
478 1620 575 1675 tamen
597 1617 644 1679 vix
667 1623 709 1675 est
732 1616 868 1677 credibile
891 1616 962 1674 duos
984 1635 1035 1694 per
1057 1633 1088 1675 se
1109 1620 1187 1675 stare
1212 1613 1292 1675 versi·

130 1719 209 1779 culos
231 1719 267 1780 fr.
294 1720 351 1801 120
373 1719 477 1780 hosce:

485 1849 639 1936 Δήμητρος
661 1854 753 1936 ἁγνῆς
775 1853 825 1912 καὶ
848 1852 935 1936 κόρης

464 1951 547 2027 ιΤῆν
569 1954 731 2042 πανήγυριν
754 1952 859 2034 σέβων.

130 2095 176 2152 An
194 2092 276 2152 aliter
297 2093 406 2167 fuisset,
430 2110 481 2151 cur
502 2094 617 2170 propria
631 2079 742 2153 ratione
765 2095 835 2154 haec
857 2093 919 2153 cola
940 2093 1086 2153 recitanda
1107 2110 1170 2153 esse
1187 2099 1294 2154 veteres

132 2195 297 2255 traderent?
319 2193 408 2259 Immo
420 2194 550 2255 lobacchi
572 2203 622 2254 aut
643 2215 676 2254 ex
691 2197 820 2255 versibus
843 2196 984 2256 intercisis
1006 2193 1199 2255 constiterunt
1220 2192 1295 2255 κατὰ

134 2296 234 2382 στίχον
258 2297 359 2374 positis
375 2296 454 2356 velut
474 2296 509 2356 fr.
529 2299 651 2357 79m83
671 2304 720 2356 aut
741 2317 775 2357 ex
790 2299 898 2375 epodis‚
925 2316 1043 2376 quarum
1067 2296 1185 2362 alterius
1201 2318 1296 2367 versus
1319 2300 1324 2315 '

125 2400 291 2478 ,asynarteti
312 2399 404 2459 forma
431 2389 544 2459 servite
568 2404 620 2469 est,
644 2399 761 2459 alterius
783 2419 900 2476 prorsus
923 2419 976 2459 nos
998 2398 1083 2468 latet
1104 2402 1243 2479 qponiam
1264 2419 1297 2460 ne

130 2502 257 2580 rhythmi
279 2501 394 2579 quidem
417 2520 507 2577 genus
522 2508 616 2560 utrum
635 2502 721 2561 fuerit
736 2502 841 2579 duplex
863 2522 900 2561 an
916 2521 982 2580 par,
1005 2522 1039 2562 ex
1053 2502 1297 2582 varietate'appa·

130 2609 173 2663 ret
195 2604 316 2663 fontium
338 2604 469 2663 voculam
490 2605 686 2681 praebentium
709 2589 877 2686 χρύσοέθειρ
901 2605 945 2665 vel
964 2601 1115 2688 χρυσέθειρ
1138 2604 1186 2665 vel
1210 2602 1295 2690 ἔθειρ,

131 2705 207 2782 quod
240 2711 284 2766 est
316 2706 436 2765 alterum
471 2725 504 2766 ex
522 2706 684 2766 ‘lobacchis
716 2707 817 2782 fragm.
853 2704 937 2782 (121)
968 2714 1121 2767 servatum.
1167 2707 1297 2786 Denique

132 2825 225 2867 meam
248 2808 419 2891 seutentiam
442 2807 603 2867 confirmari
625 2816 693 2885 puto
716 2809 777 2869 loco
798 2809 943 2869 Plutarchi
957 2810 989 2883 B‚·
1013 2829 1096 2888 quem
1120 2810 1216 2870 adhuc
1240 2816 1299 2871 tan·

131 2929 198 2987 gere
220 2909 307 2980 nolui,
332 2908 381 2988 qui
403 2917 446 2969 est
470 2903 508 2967 Ἀ.
531 2898 700 2997 πρρςεξεῦρε
715 2959 720 2970 .
735 2955 741 2966 .
754 2908 809 2976 τὴν
832 2912 870 2979 εἰς
891 2908 960 2980 τοὺς
983 2911 1040 2994 οὐχ
1059 2911 1215 2997 ὁμογενεῖς
1238 2910 1300 2993 p‘ud·

132 3008 203 3094 μοὺς
225 3014 349 3070 ἔντασιν.
394 3010 448 3071 His
471 3011 566 3071 verbis
590 3012 730 3072 Liehelius
753 3013 874 3090 epodos,
904 3014 1103 3077 Volkmannus
1133 3022 1301 3092 asynarteta

131 3113 284 3192 significari
306 3115 425 3174 censuit.
469 3113 662 3194 Westphalius
690 3135 749 3174 rem
772 3117 866 3192 potius
893 3117 988 3176 inesse
1012 3117 1067 3175 sibi
1089 3117 1182 3176 visam
1211 3136 1299 3195 quam

134 3218 197 3294 ipsa
218 3215 344 3275 auctoris
367 3215 457 3275 rerba
477 3216 682 3293 interpretatus
704 3218 804 3277 vertit:
833 3218 878 3277 die
900 3219 1080 3294 verbindung
1102 3219 1183 3277 nicht
1205 3220 1302 3280 homo

132 3337 222 3395 gener
235 3319 399 3397 rhythmen‚
423 3318 464 3377 ita
486 3322 518 3376 ut
533 3319 639 3395 epodos
662 3327 690 3378 et
706 3325 872 3397 asynarteta
894 3323 948 3379 hoc
969 3320 1032 3380 loco
1047 3321 1303 3397 comprehendisse

135 3420 276 3480 videatur.
306 3420 367 3496 Ego
389 3421 451 3497 ipso
473 3421 527 3479 hoc
542 3421 688 3495 vocabulo,
712 3422 789 3498 quod
811 3427 855 3481 est
876 3423 998 3495 ἔντασις,
1021 3440 1077 3481 non
1101 3417 1235 3492 σύνθεσις
1260 3422 1329 3485 vel'

124 3503 228 3582 'simile
243 3520 329 3596 aliud,
352 3541 440 3581 unum
456 3541 588 3595 versuum
612 3529 840 3601 asyuartetorum
860 3542 964 3601 corpus
986 3524 1160 3584 aPlutarchi
1184 3533 1304 3588 auctore

122 3625 243 3685 'dictum
267 3625 406 3684 existimo.
963 3646 966 3651 ·

188 3760 294 3820 'Haec
327 3762 465 3821 haetenus
499 3762 534 3821 de
568 3767 792 3839 asynartetorum
827 3763 938 3822 ratione
972 3769 1000 3822 et
1034 3763 1119 3822 certis
1151 3767 1303 3844 exemplis.

133 3865 233 3927 Restat
268 3869 300 3923 ut
327 3865 520 3923 examinemus
548 3864 676 3941 exempla
709 3866 803 3924 minus
835 3865 999 3942 perspicua,
1035 3845 1107 3944 quae
1128 3864 1304 3928 Plutarchus

133 3968 241 4049 profert
261 3965 323 4026 loco
369 3958 415 4026 ss':
439 3961 459 4032 ἥ
480 3984 514 4023 τε
537 3971 590 4022 τοῦ
613 3963 748 4047 iuplieiou
770 3962 840 4048 πρὸς
870 3963 922 4024 τὸν
946 3964 1086 4045 ἐπιβατὸν
1113 3963 1233 4027 παίωνα
1259 3972 1304 4029 ἐν·

134 4090 218 4139 τασις
246 4065 296 4128 καὶ
324 4068 349 4134 ἠ,
365 4074 418 4126 τοῦ
448 4055 613 4150 ηὐξημένου
636 4063 734 4150 ’ἡρῴου
758 4069 796 4138 εἷς
817 4087 851 4133 τε
879 4068 930 4126 τὸν
958 4054 1151 4152 προςοδιακὸν
1174 4067 1227 4128 καὶ
1251 4069 1304 4131 τὸν

135 4167 273 4256 κρητικὸν
306 4173 366 4231 sive
399 4171 474 4249 quod
507 4170 677 4230 Ritscheh'us
706 4170 742 4230 ad
773 4170 988 4230 similitudinem
1017 4171 1073 4230 loci
1102 4162 1136 4230 A'
1163 4175 1302 4235 correxit:

136 4275 175 4344 εἷς
204 4292 237 4331 τε
265 4269 299 4330 τὰ
329 4257 520 4355 προςοδιακόν
548 4270 598 4330 καὶ
627 4269 662 4330 τὸ
693 4268 841 4356 κρητικόν.
886 4273 966 4333 Talia
995 4293 1047 4333 nec
1075 4275 1104 4333 in
1133 4273 1305 4351 fragmentis

137 4397 188 4438 nec
217 4378 247 4437 in
273 4375 355 4436 libris
384 4376 508 4435 metricis
535 4375 720 4435 inveniuntur
748 4387 774 4434 et
805 4395 855 4451 per
887 4394 919 4434 se
946 4377 1078 4435 videntur
1106 4394 1206 4452 parum
1239 4397 1305 4455 pre
