2864 5002
778 362 817 417 34

696 441 896 449 ———-—.

218 567 266 645 qui
294 584 355 625 mos
383 565 450 643 quin
480 564 525 624 hic
546 582 659 642 qnoque
688 564 854 624 observatus
884 565 921 623 sit
949 581 1005 622 non
1039 562 1131 622 habeo
1164 580 1215 622 cur
1242 560 1377 620 dubitem.

217 669 274 729 lam
302 669 377 745 finge
404 668 458 727 tibi
485 668 623 746 hymnum
654 666 864 726 archilocheum
899 665 1099 742 tristrophum,
1134 663 1214 725 cuius
1246 663 1380 723 universa

217 771 359 831 cantilena
382 790 437 829 non
461 771 526 846 plus
548 770 682 829 habuerit
703 787 788 847 quam
812 789 862 830 sex
887 771 999 829 versus!
1039 767 1189 827 Eiusmodi
1209 767 1298 843 pugis
1320 767 1381 844 quis

218 874 308 933 credit
323 878 434 932 tantum
458 871 565 948 gloriae
582 872 717 931 tribuisse
734 871 858 934 Graecos
880 871 1011 930 homines
1033 869 1271 947 elegantissimos,
1296 887 1381 947 quan·

216 982 276 1036 tum
300 995 335 1035 ex
356 974 514 1035 Aristarchi
538 976 679 1034 sententia
702 980 817 1054 oportet
840 975 984 1033 statuere?
1019 970 1093 1044 Quid
1116 973 1219 1053 plura?
1257 972 1382 1032 Aristar·

218 1079 289 1139 chus
311 1096 426 1138 carmen
449 1076 524 1156 quod
547 1082 631 1137 vocat
652 1077 821 1139 Callinicum
854 1081 886 1136 ut
908 1077 1021 1154 epinicii
1049 1075 1111 1137 loco
1134 1076 1275 1136 usitatum
1298 1073 1384 1134 fuisse

217 1182 258 1240 ita
279 1180 338 1241 tres
361 1181 493 1259 strophas
516 1180 652 1240 habuisse
674 1199 708 1240 ex
730 1181 793 1258 ipso
817 1179 930 1257 collegit
944 1180 1062 1240 Pindari
1083 1178 1155 1254 loco,
1179 1197 1264 1257 quem
1290 1178 1384 1237 minus

106 1320 109 1325 ·
218 1289 285 1363 apte
311 1302 396 1362 quarn
424 1284 630 1343 Eratosthenes
658 1283 855 1361 explicandum
884 1283 974 1343 duxit.
1025 1283 1086 1343 Hoc
1113 1287 1206 1343 autem
1235 1282 1299 1341 fieri
1328 1300 1385 1343 non

218 1387 329 1446 videtur
352 1387 489 1465 potuisse,
513 1386 570 1445 nisi
592 1386 733 1462 genuinus
755 1385 918 1446 Archilochi
941 1386 1065 1464 hymnus
1086 1388 1143 1446 iam
1167 1385 1277 1463 pridem
1300 1385 1386 1445 inter·

218 1490 308 1558 iisset,
330 1491 371 1549 ita
393 1493 425 1548 ut
447 1489 518 1548 nihil
540 1474 683 1548 servatum
705 1494 767 1548 tum
789 1496 864 1549 esset
878 1495 991 1568 practer
1006 1489 1164 1564 exordium,
1187 1509 1222 1549 ex
1244 1506 1304 1565 quo
1327 1507 1388 1549 ma-

161 1613 166 1623 ·
219 1591 294 1650 xime
316 1598 416 1651 notum
439 1597 500 1651 erat
520 1609 595 1650 nova
616 1591 666 1650 illa
688 1611 742 1652 vox
765 1589 943 1661 καλλίνικος.

303 1693 366 1753 Ηοο
393 1699 552 1772 postquam·
573 1693 702 1752 venimus
730 1695 948 1755 Eratosthenem
984 1696 1072 1754 secuti
1101 1694 1136 1754 de
1169 1693 1388 1754 acclamationis

221 1815 273 1856 usu
297 1797 503 1874 disputantem,
538 1796 660 1856 eundem
688 1802 804 1874 oportet
826 1797 923 1857 audire
953 1797 988 1857 de
1015 1817 1084 1858 voce
1120 1792 1266 1872 rivalta,
1301 1813 1389 1874 quam

220 1899 257 1958 ab
279 1896 450 1959 Archilocho
482 1918 545 1958 cum
566 1898 617 1957 illo
641 1897 793 1957 καλλίνικε
821 1900 1000 1964 coniunctam
1023 1898 1122 1960 volunt
1150 1895 1280 1976 plerique
1304 1903 1334 1958 et
1357 1917 1389 1958 ex

220 2002 366 2060 veteribus
394 2007 423 2061 et
449 2020 484 2061 ex
512 2001 718 2061 recentioribus
747 2003 919 2062 auctoribus.
964 2000 1061 2062 Verba
1088 2007 1155 2062 sunt
1176 2002 1207 2060 in
1229 2001 1290 2061 fine
1312 1999 1331 2076 5
1356 2003 1386 2061 6:

220 2099 294 2186 Περὶ
317 2090 350 2163 δὲ
377 2108 431 2162 τοῦ
455 2097 492 2162 T.
515 2096 730 2185 Ἐρατοσθένης
753 2101 848 2187 φησίν,
878 2099 925 2162 ὅτι
947 2099 998 2162 ὅτε
1022 2103 1037 2161 ὁ
1060 2100 1192 2173 αὐλητὴς
1218 2095 1237 2169 ἢ
1262 2103 1279 2162 ὁ
1302 2098 1387 2162 κιθα-

221 2202 318 2289 ριστὴς
340 2202 381 2289 μὴ
396 2211 500 2287 παρῆν,
524 2191 677 2289 ὁὲἰαρχος
699 2202 772 2265 αὐτὰ
797 2202 976 2291 μεταλαβὼν
1000 2206 1102 2291 ἔλεγεν
1121 2192 1178 2275 ἔξω
1201 2210 1256 2263 τοῦ
1270 2203 1386 2289 μέλους,

221 2309 237 2367 ὁ
260 2294 294 2366 δέ
315 2314 375 2367 τῶν
398 2312 566 2391 κωμαστῶν
588 2303 672 2391 χορὸς
695 2303 823 2386 ἐπέβαλε
846 2304 881 2366 τό
904 2303 1083 2384 Καλλίνιαε,
1110 2305 1160 2366 καὶ
1189 2301 1270 2366 οὕτω
1299 2325 1386 2367 συνει-

157 2412 160 2417 ’
222 2406 343 2493 ρόμενον
376 2404 481 2495 γέγονε
515 2406 549 2469 τὸ
583 2404 724 2476 Τήνελλα
754 2408 916 2472 καλλίνικε.
961 2404 998 2468 ‘H
1028 2397 1061 2469 δὲ
1089 2405 1162 2492 ἀρχὴ
1190 2414 1244 2467 τοῦ
1280 2407 1386 2493 μέλους

136 2529 138 2531 ’
222 2510 315 2572 ἐστίν·
359 2495 403 2570 Ὦ
426 2505 462 2569 ll.
485 2531 512 2595 χ.
537 2499 613 2580 ἅναξ
635 2504 804 2596 Ἡράκλεες.
847 2512 1050 2574 Eratosthenes
1078 2514 1166 2589 igitur
1187 2530 1287 2572 vocem
1309 2511 1383 2591 illam

136 2620 139 2626 “
221 2609 269 2690 T,
292 2634 377 2695 quam
392 2615 533 2675 Pindarus
549 2633 605 2674 non
621 2621 770 2690 memorat,
793 2617 872 2676 novit
886 2621 985 2701 utpote
1001 2615 1203 2694 Aristophanis
1219 2617 1278 2675 iam
1294 2604 1381 2675 aetate

221 2720 251 2779 in
275 2712 420 2798 ephymnii
441 2717 563 2778 formula
585 2717 736 2792 usitatam,
771 2720 820 2779 sed
844 2724 920 2780 certo
934 2720 1043 2780 auctori
1065 2737 1123 2779 non
1145 2718 1256 2778 tribuit.
1289 2715 1383 2778 Archi·

220 2820 335 2896 lechum
364 2839 381 2880 a
406 2818 521 2880 fidicine
547 2820 594 2881 vel
620 2821 737 2882 tibicine
764 2822 931 2882 destitutum
961 2822 1143 2882 inventorem
1170 2839 1233 2880 esse
1268 2819 1383 2880 voculae

221 2923 297 2983 illius
330 2930 362 2982 ut
394 2924 474 2983 aiunt
507 2924 767 3003 onomatopoeticae
799 2925 965 3002 posterioris
995 2924 1097 2984 aetatis
1133 2923 1316 2984 consentiens
1345 2925 1384 2982 cst

223 3026 330 3105 opinio,
354 3045 440 3104 quam
462 3028 596 3104 princeps
618 3027 731 3086 videtur
752 3027 905 3104 protulisse
930 3026 1073 3087 Aristides
1096 3020 1138 3105 (v.
1154 3024 1259 3086 Milleri
1281 3024 1383 3085 librum

223 3129 273 3206 qui
288 3128 456 3189 inscribitur
473 3127 656 3207 ᾖΜολοοςοοιζ
680 3149 708 3207 p.
723 3132 798 3190 363:
822 3123 963 3196 Τήνελλα
983 3135 1074 3187 τοῦτο
1098 3123 1277 3209 συμβολικόν
1299 3124 1384 3188 ἐστιν·

224 3226 292 3314 φησὶ
317 3215 349 3289 δὲ
372 3221 545 3314 Ἀριςτείδης
569 3226 741 3315 Ἀρχιλόχου
765 3224 859 3308 εἶναι),
889 3251 1000 3292 summa
1022 3236 1116 3291 autem
1139 3230 1261 3291 audacia
1292 3246 1386 3291 narra·

223 3332 358 3392 tiunculis
393 3334 599 3393 commenticiis
633 3335 780 3395 exornavit
803 3334 921 3394 Tzetzes
948 3336 978 3393 in
1016 3335 1090 3396 Chil.
1120 3333 1131 3392 l
1166 3354 1192 3392 v.
1218 3335 1278 3394 685
1304 3352 1385 3413 sequ.

222 3435 275 3495 His
300 3436 341 3495 ita
371 3436 519 3514 explicatis
548 3434 680 3514 Sybelius
704 3437 737 3496 Τ.
765 3436 834 3497 illud
862 3438 899 3497 ab
924 3434 1091 3497 Archilochi
1119 3437 1245 3497 carmine
1273 3439 1387 3498 omnino

223 3539 427 3598 removendum
456 3546 560 3599 censet.
605 3540 703 3618 Neque
734 3540 764 3598 id
793 3540 908 3600 iniuria.
953 3538 1118 3600 Archilochi
1147 3540 1223 3599 enim
1253 3540 1387 3619 hymnus,

223 3645 370 3700 ulmeam
392 3642 509 3700 tandem
531 3661 660 3719 promam
684 3643 871 3718 sententiam,
895 3661 930 3702 ex
951 3642 1020 3703 solis
1043 3643 1172 3703 constitit
1192 3643 1333 3704 trimetris
1355 3641 1388 3703 ad

223 3743 344 3822 formam
379 3744 513 3821 strophae
546 3764 602 3804 non
625 3747 759 3805 redactis.
804 3745 864 3805 Hoc
896 3745 956 3804 fieri
990 3746 1117 3822 potuisse
1149 3750 1272 3805 testatur
1299 3746 1387 3808 schol.

223 3844 316 3922 Heph.
339 3865 367 3922 p.
394 3849 450 3905 145
482 3847 517 3906 de
543 3848 639 3908 iambo
662 3849 786 3908 addens:
823 3839 883 3905 ἔσθ’
906 3841 957 3905 ὅτε
981 3835 1014 3905 δὲ
1042 3845 1093 3906 καὶ
1120 3841 1205 3928 ὕμνοι
1227 3843 1390 3933 γράφοντα

224 3942 334 4024 τούτῳ,
358 3944 435 4006 ὥστε
457 3947 508 4008 καὶ
531 3946 660 4030 εὐσεβής.
691 3950 728 4010 Et
749 3951 855 4011 factum
877 3952 932 4011 hoc
955 3969 1018 4010 esse
1041 3951 1170 4011 indicant
1191 3952 1280 4011 verba
1298 3952 1388 4013 schol.

223 4049 306 4111 Pind.
332 4044 349 4127 ξ
375 4054 409 4127 6,
443 4071 564 4129 quorum
586 4053 617 4112 in
651 4060 784 4121 contextu
815 4054 923 4132 primus
954 4071 1052 4114 versus
1073 4054 1173 4133 incipit
1194 4073 1212 4114 a
1233 4054 1337 4115 vocula
1356 4045 1390 4132 d,

224 4171 277 4212 nec
304 4152 398 4213 minus
425 4151 547 4214 imitatio
576 4156 714 4234 quaedam
737 4156 940 4234 Aristophanis
963 4153 1017 4215 Ar.
1041 4160 1101 4217 869
1124 4157 1223 4235 hymni
1246 4138 1410 4218 sollemni·¹

224 4261 312 4314 tatem
336 4257 406 4315 satis
428 4256 567 4317 redolens.
614 4258 723 4319 Diserte
751 4260 818 4319 item
842 4259 964 4318 traditur
985 4261 1116 4319 trimetro
1146 4260 1307 4319 coniectum
1329 4280 1391 4322 esse

224 4357 260 4416 fr.
284 4361 335 4431 48,
358 4360 438 4418 cuius
461 4364 660 4434 argumentum
683 4368 711 4421 et
732 4362 903 4421 adiectivum
926 4362 962 4420 ad
984 4362 1122 4439 hymnum
1153 4362 1297 4440 quadrare
1318 4382 1347 4442 p.
1373 4367 1389 4422 ‘l

226 4464 254 4517 et
284 4463 321 4520 1s
351 4461 575 4521 demonstratum
603 4471 654 4524 est.
714 4465 757 4524 De
790 4465 944 4543 ephymnio
975 4464 1142 4524 Archilochi
1175 4465 1304 4540 metrici,
1343 4467 1394 4545 qui
