2864 5002
699 360 716 418 6

605 442 807 451 ---.

129 562 165 624 Et
186 563 247 622 sine
269 561 356 623 dubio
377 553 669 639 poeta-sententias
685 553 867 623 116111011οᾶ8
889 562 919 620 in
941 580 1023 620 suum
1043 560 1182 620 convertit
1204 580 1288 618 usum

129 669 158 726 et
179 681 348 738 sermonem,
372 662 407 722 de
429 663 533 741 quibus
554 663 662 723 multus
684 670 729 723 est
750 659 842 722 (ilem.
866 657 1023 723 Alexandr.
1039 663 1144 722 Strom.
1162 661 1197 720 Vl
1217 663 1288 721 738.

129 762 182 826 His
203 765 228 825 si
250 752 460 849 μεταφράζων,
489 769 674 847 μεταποιῶν,
707 760 880 848 μεταφέρων
912 765 1021 825 abusus
1051 770 1094 824 est
1115 763 1166 839 A„
1194 769 1227 822 ut
1249 764 1291 822 alt

129 867 276 930 Clemens:
299 861 335 924 τό
359 863 518 924 κλεπτικόν
541 853 694 950 διελέγξας
717 865 816 925 αὐτῶν
839 854 925 939 εἶδος,
948 867 976 926 id
999 861 1110 926 videtur
1132 867 1234 942 egisse,
1258 870 1292 925 ut

130 987 198 1030 snas
221 986 321 1030 causas
343 973 393 1028 aut
414 967 604 1046 locupletibus
625 970 796 1030 testimoniis
811 969 993 1029 confirmaret
1013 976 1042 1029 et
1063 968 1219 1028 illustraret
1240 966 1313 1026 aut*

129 1073 278 1132 maiestate
297 1053 423 1150 ‚quadam
446 1071 482 1131 ab
496 1072 566 1148 ipsis
587 1072 677 1132 rebus
700 1071 793 1133 aliena
815 1089 867 1149 per
886 1072 980 1131 iocum
995 1076 1148 1131 exornaret
1169 1075 1198 1130 et
1219 1068 1293 1129 allu-

37 1221 38 1224 ,
130 1175 210 1235 sione
232 1173 370 1234 condiret.
415 1170 471 1233 Sed
500 1173 613 1250 singula
633 1173 795 1235 discernere
816 1175 874 1233 iarn
902 1191 959 1234 non
982 1173 1055 1233 licet.
1099 1172 1198 1250 ltaque
1221 1171 1293 1231 satis

130 1277 221 1337 babeo
243 1274 382 1336 eiusmodi
403 1274 481 1335 locos
504 1293 689 1336 enumerasse
709 1276 813 1335 hosce:

82 1381 89 1396 ⁸
129 1378 165 1438 fr.
190 1380 245 1438 33:
269 1371 350 1435 Ἀλλ’
372 1369 462 1445 ἄλλος
484 1375 568 1454 ἄλλῳ
591 1365 714 1461 καρδίην
737 1373 861 1435 ἰαίνεται
883 1399 925 1426 =
947 1362 964 1445 ξ
987 1377 1057 1450 228,

131 1583 166 1642 ir.
183 1584 238 1643 56:
262 1573 333 1649 Τοῖς
354 1574 433 1648 θεοῖς
453 1572 530 1637 τίθει
552 1576 592 1638 τὰ
613 1578 732 1640 πάντα·
745 1575 889 1649 πολλάκις
912 1574 1005 1662 μὲν..

264 1729 271 1744 .
286 1727 292 1742 .
306 1677 441 1765 ὀρθοῦσιν
453 1727 460 1741 .
474 1728 502 1757 .,
524 1677 670 1753 πολλάκις
692 1668 716 1741 δ’
739 1677 953 1767 ἀνατρέπουσι.
967 1729 974 1744 .
987 1704 1030 1731 --
1039 1701 1062 1740 π
1077 1682 1213 1743 211-2.

131 1785 214 1847 Adde
245 1785 280 1844 fr.
308 1787 379 1844 552·
398 1780 549 1854 ...νίκης
577 1770 637 1844 Aac
667 1779 760 1843 θεοῖσι
789 1781 916 1868 πείρατα
934 1778 1112 1860 --Η102,
1141 1786 1191 1863 qui
1213 1784 1294 1845 locus

132 1875 299 1950 Archilochi
336 1887 432 1947 animo
465 1887 584 1967 'videtur
622 1888 793 1948 obversatus
832 1906 903 1948 esse.
968 1887 1040 1948 Nam
1080 1905 1165 1965 quem
1200 1887 1295 1949 (ilem

133 2010 161 2070 p.
179 1990 238 2052 739
260 1988 360 2049 laudat
380 1989 497 2049 Homeri
518 2008 631 2049 versum
653 1990 689 2050 ab
712 1977 883 2050 Archilocho
906 1983 1201 2073 μεταπεφρασμένονε

350 2085 444 2162 Νίκης
467 2087 646 2174 ἀνθρώποισι
668 2087 746 2151 θεῶν
768 2093 802 2152 ἐκ
824 2091 950 2176 πείρατα
971 2099 1076 2166 κεῖται,

131 2198 156 2257 is
183 2213 236 2256 nec
261 2196 292 2255 in
319 2194 426 2254 nostris
452 2193 570 2253 Homeri
597 2195 733 2272 exemplis
764 2195 909 2255 invenitur
941 2201 970 2256 et
1002 2195 1115 2255 videtur
1144 2214 1207 2256 esse
1234 2216 1296 2258 eor-

131 2306 240 2378 ruptus.
283 2295 351 2359 vid.
366 2296 494 2358 Diodori.
510 2297 555 2356 ed.
572 2296 662 2393 (ilem.
677 2297 714 2357 lll
735 2316 764 2374 p.
784 2299 852 2373 126,
876 2299 925 2376 qui
946 2299 1040 2358 minus
1054 2305 1140 2375 reete,
1165 2305 1197 2356 ut
1212 2305 1295 2375 puto,

133 2401 169 2462 de
198 2419 232 2462 ca
262 2418 374 2479 quoque
395 2404 502 2459 'versus
524 2399 652 2460 clausula
674 2401 826 2478 cogitavit,
853 2419 926 2479 quae
949 2395 1046 2460 Para
1070 2408 1098 2460 et
1120 2402 1233 2478 saepius
1257 2401 1296 2461 le-

132 2505 222 2582 gitur:
257 2499 334 2562 ίλεῶν
368 2498 398 2560 ἐν
432 2497 554 2584 γούνασι
586 2509 691 2561 κεῖται.
740 2502 897 2564 Clementis
924 2508 1022 2563 autem
1051 2521 1176 2563 errorem
1209 2522 1295 2563 nemo

133 2609 236 2685 opinor
261 2606 397 2681 miratur,
425 2607 474 2683 qui
497 2605 541 2665 vel
567 2603 748 2666 Aristotelem
774 2605 974 2683 neglegentius
996 2605 1114 2666 Homeri
1135 2625 1236 2665 versus
1259 2606 1295 2665 de

133 2709 271 2770 memoria
296 2709 460 2768 recitavisse
488 2709 582 2788 nouit,
610 2727 667 2786 qua
694 2709 781 2769 dere
804 2708 860 2768 vid.
881 2707 1041 2785 LaRoohe,
1067 2709 1103 2796 de
1126 2709 1208 2768 Hom.
1225 2714 1317 2770 text.-

134 2814 195 2873 crit.
217 2814 248 2872 in
274 2814 445 2892 antiquitate
473 2812 601 2873 factitata
622 2809 734 2892 (1866)
756 2833 785 2891 p.
802 2815 850 2873 26.
896 2815 1044 2874 Accedunt
1069 2832 1103 2873 ea
1124 2813 1294 2890 fragmenta,

134 2937 256 2998 quorum
289 2918 375 2978 verba
402 2919 563 2979 exscribere
585 2917 641 2978 alio
673 2917 738 2978 loco
764 2922 885 2995 oportet,
918 2918 965 2977 hic
992 2936 1037 2977 me
1066 2917 1173 2977 taedet:
1210 2918 1248 2978 62
1261 2940 1295 2970 ω

134 3017 159 3081 Σ
175 3023 247 3098 309,
270 3025 309 3083 70
320 3042 383 3082 coc
398 3022 466 3099 135,
491 3027 528 3084 73
540 3023 602 3082 ω]
620 3025 687 3082 116.
721 3019 886 3098 Adiungere
908 3022 1032 3100 denique
1047 3021 1117 3082 libet
1131 3022 1295 3082 testimonia

9 3158 13 3165 ·
134 3126 260 3195 eiusdem
293 3145 362 3186 usus
388 3126 422 3186 fr.
445 3128 482 3188 85
501 3148 536 3179 ω
561 3126 675 3187 Hesiod.
697 3127 792 3202 theog.
815 3127 874 3186 120
903 3133 931 3185 et
957 3147 983 3187 v.
1008 3146 1089 3206 sequ.
1111 3132 1139 3187 et
1164 3127 1199 3186 fr.
1226 3128 1294 3199 115,

135 3212 346 3308 quod‘vcrsnm
367 3231 493 3291 imitatur
514 3249 549 3290 ex
570 3229 687 3291 Hesiodi
709 3231 862 3290 certamine
883 3230 1005 3291 fortasse
1027 3232 1158 3308 petitum.

79 3328 84 3337 ’
219 3331 264 3394 Ab
290 3334 336 3393 his
363 3333 548 3411 fragmentis,
577 3352 651 3411 quae
677 3353 723 3394 res
751 3334 961 3412 quodammodo
986 3335 1128 3413 recipiunt
1149 3329 1184 3395 ab
1207 3336 1295 3413 epicis

135 3440 203 3497 ante
223 3438 314 3514 poetis
335 3441 481 3513 tractatas²
504 3438 631 3515 proxime
654 3437 759 3497 absunt
779 3436 917 3497 nonnulla
939 3438 974 3497 de
996 3439 1111 3516 hymnis
1133 3438 1295 3516 fabulisque

135 3539 293 3616 fragmenta
319 3545 348 3600 et
372 3540 544 3600 testimonia.
588 3540 682 3619 Atque
710 3533 842 3620 hymnos
869 3538 998 3618 qiidam,
1027 3559 1084 3619 quo
1111 3541 1225 3622 nomine
1248 3560 1296 3618 ge-

135 3645 213 3704 neris
236 3645 378 3711 communi
399 3642 491 3706 Procl.
507 3645 610 3704 chrest.
627 3663 657 3722 p.
675 3645 735 3704 244
751 3641 959 3722 comprehendi
974 3645 1057 3706 docet
1071 3664 1171 3705 omnes
1186 3647 1295 3724 species

136 3748 294 3807 carminum
309 3748 351 3832 in
380 3747 449 3807 deos
471 3746 678 3822 coniectorum,
707 3732 887 3822 agnoscimus
909 3749 938 3807 in
960 3747 994 3806 lr.
1015 3750 1069 3821 75,
1097 3767 1153 3826 quo
1176 3749 1296 3826 supplex

136 3856 220 3928 poeta
241 3853 358 3939 inuocat
378 3850 551 3924 Volcanum,
579 3856 608 3910 et
628 3852 659 3909 in
680 3850 715 3912 ir.
737 3853 775 3910 70
798 3856 825 3909 et
849 3853 897 3924 77,
924 3852 1028 3929 quibus
1050 3851 1184 3912 Lesbium
1208 3871 1294 3929 paea·

137 3972 202 4014 nem
229 3953 274 4013 vel
301 3953 452 4031 pulchrum
474 3954 579 4013 Bacchi
601 3953 814 4031 dithyrambum
836 3954 944 4031 incipit.
993 3954 1143 4015 Praeterea
1165 3956 1295 4027 mnfecit,

137 4048 195 4134 quo
222 4058 251 4116 in
280 4056 375 4116 insula
402 4055 477 4116 Paro
504 4056 649 4117 recitando
673 4056 762 4116 victor
784 4057 927 4117 exstitisse
947 4057 1053 4141 dicitur
1075 4076 1092 4117 a
1114 4057 1201 4118 schol.
1218 4057 1296 4118 Aris·

137 4159 219 4239 toph.
241 4156 295 4220 Av.
315 4161 409 4235 1764,
437 4154 488 4217 τὸν
511 4154 668 4242 Δήμητρος
690 4154 790 4243 ἱίμνον,
818 4152 852 4218 ex
874 4178 929 4238 quo
952 4160 1151 4221 sunifrido
1174 4165 1203 4220 et
1228 4163 1295 4236 121,

138 4263 187 4342 qui
208 4263 405 4322 inscribuntur
432 4256 588 4346 ’16βακχοι
632 4263 674 4322 De
699 4263 755 4322 hoc
781 4261 874 4323 Procl.
897 4263 999 4323 chrest.
1017 4282 1043 4341 p.
1061 4266 1136 4323 246:
1170 4249 1295 4321 Ἤιδετο

139 4350 173 4423 δὲ
196 4364 211 4422 ὁ
231 4361 379 4448 ἰόβακχος,
402 4365 505 4443 inquit,
528 4365 558 4423 ἐν
574 4365 687 4448 ἑορταῖς
701 4363 751 4423 καὶ
767 4361 880 4434 θυσίαις
895 4361 1046 4440 Διονύσου,
1066 4360 1298 4450 βεβαπτισμένος

138 4464 242 4542 πολλῷ
271 4460 448 4551 φρυάγματα
492 4466 582 4529 Multo
611 4475 706 4530 autem
734 4466 837 4528 clarior
865 4468 956 4529 factus
979 4473 1022 4528 est
1043 4467 1090 4529 ille
1111 4468 1235 4548 hymnus
1258 4469 1297 4538 εἰς
