2864 5002
616 326 816 418 „aa-

220 526 374 588 Ordiamur
387 528 475 604 igitur
489 529 525 589 ab
543 528 633 588 initiis
650 527 735 587 huius
754 518 802 588 DE
814 517 954 588 ΜΕΤΒΙὸ
973 527 1184 605 disputationis.
1211 526 1298 587 Horoi

123 647 233 689 *versus
255 631 473 690 continuitatem
506 648 570 689 cum
600 635 685 690 antea
711 631 768 689 iam
796 635 897 706 poetae
925 632 959 688 ut
979 627 1103 688 alienam
1133 629 1169 689 ab
1192 628 1297 689 animis

134 750 271 790 novorum
312 735 470 806 temporum
505 731 550 791 vel
577 732 736 809 argumenti
768 750 904 807 generum
934 730 1166 807 reprobavissent
1196 731 1296 789 inven-

132 840 219 912 toque
246 838 423 910 pentametro
451 834 604 893 distichum
632 835 726 912 potins
750 833 905 909 elegiacum
936 831 1120 904 effluxissent,
1141 833 1206 910 ipse
1228 851 1298 911 quo·

134 954 190 1012 qne
212 933 246 994 A.
275 936 329 994 hoc
351 953 457 994 novum
485 935 615 996 libenter¹
628 937 739 1014 accepit
765 941 793 997 et
813 954 866 1012 pro
888 933 965 994 virili
992 940 1074 1011 parte
1096 934 1233 1010 excoluit,
1266 933 1297 993 id

132 1037 211 1114 quod
232 1042 372 1097 testantur
393 1037 427 1096 fr.
456 1044 519 1096 l-
532 1041 566 1098 19
591 1038 726 1099 Gallineis
749 1039 890 1115 elegantia
918 1036 1049 1097 videlicet
1071 1043 1157 1114 atque
1178 1035 1296 1096 lenitate

133 1139 204 1198 satis
226 1140 381 1215 superiora.
426 1137 482 1198 Sed
503 1141 619 1217 propria
648 1140 777 1201 sollertia
798 1144 860 1200 tum
882 1140 997 1200 demum
1019 1157 1050 1198 se
1071 1139 1224 1216 praestitit,
1247 1138 1297 1198 ubi

132 1240 240 1301 relictis
261 1242 356 1319 poesis
382 1248 470 1319 utque
492 1243 529 1301 ad
556 1242 585 1301 id
613 1249 726 1320 tempus
749 1245 802 1304 viis
828 1244 890 1320 ipse
920 1260 1008 1302 novas
1030 1241 1169 1315 munivit,
1192 1240 1297 1318 quibus
1417 1321 1421 1332 ι

132 1344 218 1420 quasi
239 1344 293 1402 viis
310 1343 403 1403 variae
426 1344 583 1404 sententiae
603 1347 730 1407 animum
751 1345 939 1422 pervadentes
961 1349 990 1405 et
1004 1343 1188 1403 sollicitantes
1205 1362 1298 1402 erum·
1318 1355 1321 1362 '

133 1451 235 1522 perent
256 1450 285 1504 et
306 1445 483 1522 proficerent.
530 1445 612 1520 Quod
634 1448 664 1507 in
686 1447 773 1523 elegis
800 1448 889 1507 nimia
915 1448 1007 1506 inerat
1029 1443 1175 1529 σεμνότης·
1194 1449 1223 1504 et
1244 1441 1294 1527 ἁρ-

134 1545 223 1631 μονία
245 1542 486 1628 dactylorum'(v.
502 1548 587 1608 Dion.
601 1542 674 1610 Hal.¹
690 1550 725 1609 de
748 1568 841 1626 comp.
866 1569 892 1608 v.
913 1567 941 1624 p.
956 1542 1040 1628 224),
1063 1565 1100 1606 ne
1122 1548 1157 1606 iis
1179 1545 1295 1624 qnidam

132 1651 225 1726 excipi
252 1655 281 1709 et
307 1650 447 1710 contineri
476 1656 588 1726 poterat
617 1653 687 1712 mira
708 1657 809 1728 poetae
837 1650 971 1711 alacritas
995 1643 1129 1725 abdacia,
1152 1648 1296 1709 cavillatio

132 1753 286 1830 asperitas:
309 1754 423 1813 hiscum
444 1750 540 1812 nullus
562 1759 619 1812 tam
643 1755 715 1813 bene
737 1754 868 1830 congruit
889 1772 977 1830 quam
1007 1743 1141 1830 duplicis
1163 1743 1296 1828 nonoris
1384 1766 1387 1781 ·

134 1849 313 1935 rhythmus,
346 1873 429 1932 quern
453 1856 571 1915 minutis
593 1855 713 1932 pedibus
736 1861 764 1916 et
785 1847 945 1932 insignibus
967 1853 1200 1932 percussionibus
1223 1849 1296 1927 (cie.

132 1958 169 2016 de
192 1977 233 2018 or.
255 1957 308 2034 lll,
336 1961 374 2017 47
404 1956 421 2032 ξ
446 1957 520 2033 182)
552 1957 696 2018 celeritate
725 1960 849 2036 quadam
877 1957 1040 2036 praeditum
1069 1952 1168 2035 (Arist.
1197 1952 1295 2029 Quint.

132 2078 159 2137 p.
186 2059 237 2132 98)
261 2061 369 2136 primus
391 2060 540 2137 usurpauit
560 2063 595 2120 A.

216 2160 311 2239 Atque
333 2162 458 2221 iambum
476 2146 592 2240 quidem
614 2163 684 2223 satis
706 2167 820 2223 constat
840 2181 898 2222 non
920 2179 983 2221 esse
997 2160 1152 2220 formatum
1174 2181 1208 2222 ex
1230 2160 1296 2227 dac·

132 2262 218 2341 tylico
241 2270 402 2342 prototypo,
425 2271 456 2324 ut
478 2271 592 2342 praeter
614 2265 684 2325 alios
707 2265 841 2343 opinatur
863 2268 962 2324 auctor
984 2282 1069 2340 quem
1091 2264 1220 2342 sequitur
1236 2261 1295 2324 Ma-

131 2366 192 2424 rius
214 2364 286 2425 Vlct.
308 2371 433 2443 p..l4l‚
459 2386 528 2445 „per
549 2367 752 2428 detractionem
774 2369 859 2426 unius
881 2362 1048 2444 temporis“.
1085 2365 1117 2427 ld
1140 2367 1217 2427 enim
1238 2371 1296 2426 sta·

132 2469 342 2528 tueraindocti
364 2476 408 2529 est
429 2476 458 2529 et
478 2469 562 2547 plane
579 2465 721 2552 ἀμούσου.
759 2470 819 2530 Nec
841 2477 936 2529 tamen
959 2487 1008 2529 eos
1023 2468 1190 2547 simpliciter
1213 2468 1293 2546 sequi

130 2570 213 2644 licet,
247 2573 296 2648 qui
324 2572 360 2631 ab
383 2572 554 2633 Archilocho
576 2573 704 2632 iambum
724 2573 872 2633 inventum
894 2591 957 2632 esse
979 2573 1091 2646 dicarat,
1125 2570 1203 2631 velut
1224 2570 1293 2631 Hor.
1357 2607 1360 2614 ·

131 2690 157 2733 a.
181 2691 209 2749 p.
235 2676 288 2748 79,
312 2674 394 2735 Ovid.
417 2675 457 2736 lb.
483 2678 559 2750 523,
590 2675 678 2736 Clam.
702 2674 786 2748 Alex„
805 2695 833 2753 p.
858 2676 929 2736 365.
972 2675 1036 2735 Non
1067 2691 1098 2734 ea
1120 2673 1237 2751 quidem
1259 2672 1295 2732 de

131 2794 229 2852 causa,
252 2778 328 2853 quod
350 2779 483 2837 inventor
505 2780 543 2838 sit
564 2777 725 2839 Simonides
750 2775 786 2856 (v.
802 2778 906 2838 Suidas
929 2797 952 2837 s.
967 2777 997 2837 h.
1014 2775 1052 2851 v.)
1076 2775 1121 2835 vel
1141 2775 1294 2852 Hipponax

131 2877 215 2952 (Atil.
230 2878 348 2941 Fortun.
371 2901 398 2959 p.
417 2879 501 2958 286);
525 2901 579 2942 nec
601 2881 678 2959 qnod
699 2901 734 2942 ex
755 2881 962 2958 antiquissimis
985 2879 1160 2957 temporibus
1182 2881 1295 2937 servata
1353 2916 1356 2920 -

129 2981 278 3067 tradantur
299 2978 425 3044 iambica
445 2984 562 3045 oracula
584 2984 685 3059 (schol.
709 2984 745 3043 ad
767 2983 913 3060 Aristoph.
930 2983 1007 3043 Nub.
1033 2986 1091 3042 144
1114 2989 1143 3042 et
1157 2981 1193 3041 ad
1210 2980 1292 3041 llom.

129 3078 159 3142 E
182 3084 250 3159 35);
284 3106 336 3146 nec
362 3087 439 3164 quod
465 3087 583 3147 Homeri
615 3087 664 3164 qui
693 3086 783 3147 fertur
809 3085 949 3162 Margitae
977 3087 1141 3146 tribuantur
1168 3080 1294 3169 ἰαμβικά

129 3193 192 3256 τοῖς
214 3188 294 3246 ἔπεσι
316 3186 545 3273 παρεσπαρμένα
574 3190 680 3268 (Heph.
704 3208 731 3266 p.
757 3191 806 3249 61.
830 3187 900 3248 Mar.
925 3189 997 3249 Vict.
1020 3207 1049 3266 p.
1074 3191 1123 3263 68,
1148 3191 1196 3264 79,
1223 3192 1292 3251 133.

130 3290 199 3351 Atii.
222 3292 340 3352 Fortun.
367 3312 396 3369 p.
421 3290 507 3370 286i:
542 3294 597 3352 hae
624 3293 700 3352 enim
722 3279 882 3352 sententiae
904 3298 953 3352 aut
973 3291 1048 3352 falsa
1070 3293 1201 3353 nituntur
1221 3296 1293 3351 tem·

129 3414 232 3473 porum
259 3396 371 3455 ratione
399 3401 448 3456 aut
475 3395 606 3456 versibus
633 3395 823 3472 posteriorum
851 3400 997 3456 anctorum
1020 3396 1085 3455 lusu
1107 3393 1294 3471 fictis,'velut

129 3497 268 3574 Margitae
295 3499 406 3558 iambos
427 3498 601 3560 hexametris
623 3499 829 3576 interposuisse
851 3498 955 3558 dicitur
980 3499 1083 3574 Pigres
1110 3498 1292 3559 Halicarnas-

130 3601 224 3661 sensis
245 3601 336 3678 ipsius
358 3609 390 3662 ut
412 3601 523 3661 videtur
545 3600 709 3661 Archilochi
732 3601 862 3678 exempla
883 3607 1006 3661 secutus,
1038 3601 1096 3663 cn.
1114 3600 1291 3677 Bernhardyi

129 3707 158 3762 h.
181 3703 200 3764 l.
224 3723 265 3778 gr.
288 3703 301 3764 l
321 3723 351 3780 p.
375 3707 444 3763 377.
496 3704 552 3763 Sed
580 3713 731 3781 propterea
758 3702 927 3763 Archilocho
961 3705 1155 3763 inventionem
1184 3702 1292 3780 simpli-

129 3809 201 3868 citer
222 3806 403 3866 tribuendam
426 3825 513 3883 nego,
548 3807 623 3885 quod
645 3808 669 3866 is
694 3807 907 3885 ,trimetrorum
933 3806 1044 3865 invenit
1067 3800 1291 3889 p'odp.orrociav“,

128 3899 169 3970 ut'
183 3911 224 3970 ait
245 3909 318 3969 Plut.
341 3910 402 3970 loco
424 3908 460 3985 A,
496 3909 691 3988 ,aliorumque
724 3910 784 3968 eius
806 3909 918 3985 generis
938 3904 1133 3981 metrorum“‚
1164 3912 1196 3966 nt
1216 3911 1292 3967 recte
1319 3977 1322 3986 .

129 4012 239 4074 addidit
262 4012 452 4089 Westphalius
478 4010 509 4072 in
536 4013 682 4089 interpret.
710 4032 738 4090 p.
769 4012 817 4072 52.
862 4011 958 4089 ipsum
986 4017 1109 4072 metrum
1137 4009 1291 4071 iambicum

129 4116 245 4176 aliunde
267 4121 311 4175 est
338 4115 538 4192 repetendum:
571 4120 604 4173 ut
629 4132 720 4190 genus
746 4132 798 4192 par
825 4114 902 4174 cultu
923 4113 1080 4192 Apollinis,
1114 4114 1155 4174 sic
1187 4112 1291 4190 duplex

130 4218 242 4278 Cereris
265 4217 420 4277 etBacchi
443 4223 535 4276 ortum
559 4224 602 4276 est
623 4216 702 4277 festis
725 4217 837 4293 diebus,
860 4218 965 4296 quibus
987 4217 1043 4276 ritu
1065 4215 1217 4275 veterrimo
1240 4234 1291 4275 nu·

130 4319 201 4378 meri
223 4318 381 4380 carminum
404 4325 433 4379 et
453 4319 636 4380 saltationum
658 4320 695 4378 ad
716 4319 793 4379 hunc
814 4320 979 4397 rhythmum
993 4318 1289 4379 accommodabantnr.

130 4423 189 4486 cfr.
218 4422 364 4500 Aristoph.
387 4423 458 4482 Ran.
483 4425 543 4483 384
567 4429 595 4482 et
618 4423 682 4482 Ath.
706 4420 771 4480 XlV
794 4423 853 4482 622
876 4422 908 4483 B.
952 4423 990 4484 Et
1010 4421 1116 4502 apertis
1139 4421 1231 4481 verbis
1253 4422 1290 4484 ad
