2864 5002
792 327 830 388 36
897 354 902 366 ·
983 366 986 373 ⁴

232 527 293 603 Qua
315 529 345 587 in
360 528 546 607 explicatione
569 529 663 606 prima
676 536 713 589 et
727 536 852 591 extrema
871 531 993 593 libenter
1008 531 1129 608 accipi03
1153 549 1226 609 quae
1247 529 1285 589 de
1301 536 1392 591 metro

231 631 398 708 prosodiaco
420 632 585 710 interposita
608 637 683 707 sunt,
707 651 740 692 ea
762 635 857 694 omnia
878 636 974 696 reicio.
1022 634 1095 694 Nam
1120 632 1195 710 quod
1219 632 1251 692 B.
1277 633 1394 693 exordia

231 753 379 793 nomorum
403 739 431 792 et
452 734 622 812 hymnorum
645 737 759 813 proprio
782 738 906 815 quodam
930 744 1019 797 metro
1047 737 1146 797 statuit
1168 735 1299 796 contecta
1321 728 1392 814 es'sc,

229 837 283 896 hac
306 837 342 895 de
364 856 395 896 re
417 836 597 913 provoco·ad
619 854 660 909 ea,
684 856 761 915 quae
782 859 809 917 p.
834 841 873 898 26
896 840 1047 918 disputavi.
1092 838 1172 917 Opus
1201 842 1298 898 autern
1321 838 1393 898 illud

229 938 316 998 tuisse
338 957 453 1017 prorsus
475 958 557 1016 nego.
602 938 672 999 Vide
695 940 780 1014 mihi,
793 960 877 1020 ·quao
898 943 985 1002 habet
1006 942 1094 1003 schol.
1120 942 1206 1002 Arist,
1229 940 1307 1000 Nub.
1333 941 1391 1000 595
1426 971 1428 977 ·

230 1041 264 1101 de
298 1041 423 1104 ciusdem
459 1040 615 1120 Terpandri
647 1042 683 1102 fr.
701 1043 724 1110 2
759 1043 878 1123 dactylis
907 1045 1052 1106 confecto:
1084 1039 1119 1102 τύ
1144 1030 1177 1102 δὲ
1202 1039 1299 1126 ,cippi
1323 1037 1390 1127 μοι“

230 1132 302 1202 αὖτε
326 1141 359 1202 ἐκ
385 1149 446 1202 τῶν
468 1129 660 1228 Τερπάνδρου
682 1143 895 1230 προοιμίων·
927 1145 978 1206 καὶ
1006 1145 1063 1233 γὰρ
1087 1145 1194 1217 ἐκεῖνος
1224 1141 1321 1216 ούτως
1343 1141 1391 1229 ἤρ-

233 1235 317 1317 ξατο.
349 1245 486 1307 Similiter
507 1247 543 1307 dc
564 1248 653 1325 ipsius
675 1249 837 1310 Archilochi
861 1251 893 1310 ir.
913 1251 949 1309 75
972 1251 1047 1311 Plut.
1070 1251 1105 1310 de
1121 1249 1185 1310 aud.
1208 1254 1284 1327 poet.
1309 1267 1334 1309 c.
1360 1250 1391 1308 6:

229 1346 318 1426 d'A.,
351 1343 458 1428 inquit,
492 1346 563 1408 ὅταν
586 1344 639 1435 μὲν
662 1347 818 1436 εὐχόμενος
840 1347 931 1438 λέγῃ·
968 1346 1063 1413 Κλύθ’
1085 1340 1160 1422 ἄναξ
1182 1352 1265 1429 κτλ,
1299 1347 1391 1410 αὐτὸν

228 1450 280 1518 τὸν
303 1451 372 1513 θεὸν
395 1447 689 1536 ἐπικαλούμενος
712 1439 801 1524 butu
829 1455 916 1516 ἐστιν.
961 1453 1043 1515 Adde
1066 1455 1142 1534 quod
1164 1454 1295 1515 Alcman.
1320 1453 1388 1514 ir.l

229 1558 291 1617 sine
313 1557 399 1618 dubio
423 1557 568 1616 exordium
591 1563 636 1616 est
656 1557 756 1637 hymni
777 1558 806 1616 in
828 1559 923 1618 lovem
947 1559 1098 1637 compositi
1119 1559 1174 1618 hoc
1197 1562 1304 1617 metro:

352 1652 436 1718 Mlbc'
459 1653 526 1744 ἄγε,
549 1652 649 1718 Μῶοα
671 1660 769 1744 λιγεῒα
791 1654 980 1744 πολομμελὲς
1003 1645 1150 1718 αἰενάοιδε
1173 1653 1263 1743 μέλος

228 1769 257 1823 ct
279 1763 354 1843 quod
378 1762 454 1822 idem
480 1762 515 1823 fr.
540 1766 578 1822 45
602 1760 652 1820 καὶ
680 1759 751 1833 ὅλας
773 1759 915 1848 στροφάς,
945 1768 978 1822 ut
998 1763 1038 1821 ait
1059 1741 1152 1840 Heph.
1176 1781 1204 1839 p.
1218 1763 1268 1834 24,
1290 1755 1391 1836 τούτῳ
1426 1812 1428 1821 .

227 1871 270 1944 τῷ
294 1860 393 1950 μέτρῳ
416 1859 630 1948 κατεμέτρηοε·
1108 1933 1113 1943 1

209 1957 213 1964 ’
501 1959 588 2025 Μῶα
611 1971 677 2052 ἄγε,
702 1960 872 2043 Καλλιόπα,
896 1962 1027 2052 θύγατερ
1050 1961 1127 2037 Διός.

227 2071 270 2131 Ex
292 2071 338 2130 his
360 2076 428 2148 puto
452 2069 521 2129 satis
548 2087 694 2147 apparere,
718 2088 803 2146 quam
826 2087 882 2128 non
905 2068 1091 2146 probabiliter
1113 2065 1318 2127 Buchholtzins
1340 2066 1390 2127 Ar·

227 2172 355 2233 chilocho
388 2192 493 2232 novum
527 2172 702 2248 prooemium
735 2171 890 2232 attribuere
918 2171 1047 2231 voluerit.
1093 2170 1134 2229 De
1162 2188 1229 2229 voce
1258 2164 1390 2234 τήνελλα

227 2281 291 2353 post
314 2295 356 2350 ea,
379 2293 452 2354 quae
476 2274 717 2350 supradiximus,
741 2273 813 2333 nihil
835 2279 879 2334 cst
900 2274 1087 2334 adiciendum.
1115 2273 1158 2332 De
1180 2275 1270 2331 metro
1293 2277 1389 2331 autem

225 2379 393 2455 prosodiaco
416 2378 454 2437 ad
476 2395 508 2436 ea
530 2395 606 2436 nunc
628 2395 766 2454 provoco,
800 2395 872 2455 quae
894 2378 923 2436 in
952 2381 1085 2437 contextu
1108 2393 1189 2435 meae
1210 2373 1390 2453 quaestionis

226 2479 414 2569 explicantur·
453 2480 551 2558 ltaque
572 2478 800 2554 Buchholtzium,
824 2481 872 2558 qui
894 2485 1046 2558 postquam
1070 2479 1189 2538 nimium
1212 2475 1389 2538 Archilocho

225 2583 312 2642 tribui
335 2584 431 2659 vetuit,
454 2582 482 2643 id
503 2583 598 2661 ipsum
622 2565 699 2658 quod
723 2584 810 2642 vetuit
833 2601 889 2641 non
913 2582 1029 2656 vitavit,
1055 2583 1111 2641 iam
1136 2580 1277 2640 mittimus
1302 2578 1389 2640 etad

226 2685 407 2763 stropharum
423 2690 605 2763 conspectum
628 2684 763 2760 redImus,
786 2685 862 2745 unde
876 2684 961 2763 paulo
983 2683 1096 2761 longius
1118 2682 1240 2760 digressi
1262 2700 1388 2742 eramus.

244 2799 249 2813 ·
310 2785 415 2847 Omnes
438 2806 497 2862 cac,
521 2806 640 2865 quarum
663 2787 756 2847 torma
778 2792 905 2863 constat,
929 2789 1063 2867 strophae
1085 2806 1101 2847 c
1123 2785 1234 2845 duobus
1256 2784 1390 2843 versibus

225 2892 267 2950 ita
290 2890 465 2968 compositae
487 2894 563 2964 sunt,
585 2893 618 2948 ut
640 2889 763 2949 evadant
791 2878 900 2968 ἑπῳδοί
927 2885 1030 2972 (scilic.
1062 2881 1198 2973 στροραί)
1227 2885 1272 2946 val
1294 2919 1336 2931 —
1358 2891 1391 2945 nt

224 2991 376 3068 diligenter
410 3010 555 3051 servemus
583 2993 699 3052 nomina
732 2993 912 3053 metricorum
946 2993 1023 3053 velut
1050 2991 1203 3069 Hephaest.
1231 3008 1257 3067 p.
1283 2991 1321 3048 71
1347 3021 1390 3032 -

213 3079 335 3171 ’ἑπῳύοί
357 3101 385 3155 et
405 3079 546 3178 προῳδοί,
570 3114 690 3173 quarum
709 3094 773 3155 illac
790 3095 959 3171 efficiuntur,
984 3093 1055 3152 ὅταν
1078 3090 1201 3178 μεγάλῳ
1225 3086 1317 3173 στίχῳ
1340 3108 1388 3149 πε-

163 3253 183 3279 ,
224 3194 322 3282 ριττόν
344 3217 373 3254 τι
397 3193 582 3281 ἐπιφέρηται,
615 3198 670 3257 hac
692 3202 801 3272 autem,
831 3193 902 3255 ὅταν
926 3197 1053 3281 ἔμπαλιν
1075 3196 1093 3262 ἡ
1116 3181 1198 3263 τάξις
1220 3181 1257 3276 ᾖ,
1290 3194 1333 3253 ita
1356 3198 1388 3253 ut

223 3300 345 3378 longior..
362 3300 522 3360 breviorem
550 3318 663 3359 versum
699 3301 828 3379 excipiat⁴
874 3293 1053 3379 [pollutum
1082 3316 1155 3376 quac
1179 3295 1262 3372 vulgo
1289 3296 1389 3356 dicun-

223 3408 283 3477 tur,
317 3403 369 3462 etsi
403 3421 506 3462 nomen
539 3401 685 3481 aliquanto
718 3403 833 3462 demum
866 3408 933 3482 post
966 3422 983 3463 a
1017 3400 1141 3462 metricis
1168 3398 1290 3458 inditum
1324 3417 1388 3458 esse

223 3505 358 3566 credibile
391 3513 450 3581 est,
479 3511 576 3565 tamen
609 3507 746 3565 rationem
781 3508 818 3566 ab
840 3505 1012 3566 Archilocho
1045 3506 1191 3563 inventam
1226 3518 1289 3560 esse
1322 3520 1388 3578 pro-

223 3609 294 3680 dunt
315 3609 483 3668 Plutarchus
506 3608 524 3668 l.
554 3607 572 3666 l.
603 3607 648 3682 A‘,
671 3588 741 3667 Mar.
771 3609 841 3668 Vict.
868 3629 895 3686 p.
928 3612 1005 3682 104,
1034 3611 1132 3666 auctor
1161 3605 1230 3665 noni
1252 3623 1287 3663 cx
1312 3604 1388 3682 frag·

222 3712 326 3771 mentis
358 3712 393 3771 de
427 3707 536 3770 musica
572 3706 726 3769 Censorini
758 3711 929 3772 editionibus
963 3710 1030 3770 addi
1064 3709 1155 3769 solitis
1188 3727 1215 3786 p.
1246 3709 1306 3767 607
1339 3708 1386 3780 K„

222 3813 278 3873 alii.
335 3812 441 3874 Omnes
475 3817 569 3871 autem
605 3830 676 3889 quas
709 3813 846 3873 habemus
874 3813 1056 3891 stropharum
1088 3811 1196 3870 formae
1226 3839 1267 3851 -
1298 3810 1386 3870 etiam

222 3935 271 3976 eae
304 3935 375 3995 quas
409 3916 534 3975 numeris
561 3913 704 3975 Vll—IX
726 3916 818 3975 tribus
852 3936 885 3976 ex
912 3915 1042 3993 partibus
1076 3918 1207 3973 constare
1236 3911 1322 3971 docui
1345 3946 1387 3960 -·

222 4019 320 4096 epodis
353 4008 584 4079 adnumerandae
619 4024 698 4092 sunt,
733 4019 809 4096 quod
845 4015 880 4076 A.
911 4037 967 4077 non
1002 4017 1086 4077 modo
1121 4015 1192 4075 duos
1224 4032 1325 4075 versus
1356 4015 1386 4074 in

221 4123 305 4181 unius
347 4122 495 4200 strophae,
544 4140 640 4180 verum
683 4121 767 4180 etiam
809 4121 881 4180 duos
923 4120 1039 4180 ordines
1082 4120 1112 4178 in
1159 4118 1243 4177 unius
1286 4136 1385 4177 versus

222 4244 324 4302 corpus
359 4225 533 4284 consociavit
566 4225 624 4284 sive
658 4224 749 4302 quod,
782 4229 815 4282 ut
848 4223 971 4282 breviter
998 4221 1109 4293 dicam,
1143 4238 1242 4279 versus
1275 4220 1386 4280 invenit

220 4320 450 4402 asyllal'teios,
472 4326 507 4384 de
531 4326 636 4403 quibus
658 4325 751 4403 Heph.
773 4325 835 4401 XV,
859 4345 886 4402 p.
904 4328 964 4384 ἲ47ι
996 4316 1118 4406 Πρῶτος
1140 4309 1173 4382 δὲ
1195 4319 1245 4381 καὶ
1267 4318 1385 4394 τούτοις

220 4420 262 4486 Ἀ.
286 4423 435 4512 κέχρηται.
