2864 5002
695 319 733 377 24

128 522 208 583 illam
228 521 364 598 fabulam,
387 540 444 600 qna
464 520 563 582 Iambe
584 519 687 590 ancilla
708 521 783 581 laeto
805 520 882 580 hunc
909 519 947 579 ad
974 537 1123 579 numerum
1143 524 1237 584 ¹cuntu
1269 525 1300 579 et

131 623 237 683 saltatu
253 623 384 685 Cererem
407 623 443 682 de
464 628 547 700 rapta
568 623 629 683 filia
651 622 793 683 dolentem
817 621 991 683 exhilarasse
1013 621 1104 680 fertur
1126 621 1166 695 (v.
1181 627 1301 698 practer

133 725 205 785 alios
226 725 409 785 metricorum
431 724 509 784 locos
530 725 628 803 hymn.
653 725 681 782 in
697 721 761 784 ner.
789 719 979 801 195-265),
1000 723 1033 782 1ο
1055 723 1151 783 codice
1174 723 1301 783 Ambro-

131 828 212 887 siano
235 821 260 886 G
284 827 355 902 222,
379 827 460 885 cuius
488 833 599 904 partem
628 826 763 886 exhibent
784 825 857 886 anal.
881 843 1001 901 gramm.
1025 826 1061 885 ab
1092 823 1127 884 Η.
1150 824 1243 884 Keilio
1268 825 1300 883 in

129 948 225 1009 progr.
248 928 330 1008 paed.
354 926 418 988 Hal.
445 929 525 990 1848
549 929 640 1004 edita,
663 928 840 1003 adiciuntur,
863 945 936 1005 quae
968 946 1021 1005 pro
1053 927 1129 986 reris
1161 926 1300 986 habenda

130 1035 212 1092 sunt:
235 1027 323 1112 νόμος
345 1027 375 1089 ἐν
397 1035 459 1100 τοῖς
478 1023 694 1114 Θεσμοφορίοις
709 1025 827 1113 ἐγένετο
841 1073 849 1090 .
863 1075 869 1089 .
881 1014 1030 1112 λοιδορεῖν,
1041 1046 1075 1087 τε
1090 1026 1141 1087 καὶ
1154 1023 1275 1112 λέγειν.
1292 1075 1298 1090 .

131 1137 233 1203 κακῶς
255 1126 334 1216 μετοὶ
355 1126 497 1215 γέλωτος,
521 1131 654 1211 qualibus
677 1131 751 1191 ludis
774 1138 803 1191 et'
823 1131 960 1192 conviciis
982 1132 1147 1191 etiamnunc
1169 1128 1301 1190 Graecos

130 1235 262 1296 homines
284 1234 346 1296 dies
367 1254 460 1295 messe
484 1235 530 1295 vel
546 1234 691 1294 vindemia
712 1232 787 1295 facta
808 1234 897 1295 festos
919 1238 1035 1310 agentes
1055 1232 1204 1309 indulgere
1226 1231 1301 1292 dicit

114 1332 248 1400 'Grotius
280 1336 310 1396 in
343 1337 409 1397 hist.
438 1355 531 1413 graec.
567 1336 763 1416 (interpretat.
793 1335 1015 1396 Meissnerianae
1046 1334 1102 1397 vol.
1125 1336 1200 1413 Hp.
1225 1336 1299 1411 386,

133 1439 225 1518 οο1ο).
270 1438 450 1498 inventorem
473 1438 561 1517 igitur
581 1439 852 1500 iambiciutheroi
874 1443 932 1498 met
932 1439 958 1498 ri
978 1438 1149 1498 nominatim
1181 1436 1300 1497 laudare

132 1560 190 1602 non
212 1541 287 1601 licet.
332 1543 372 1601 At
392 1541 501 1618 primus
524 1540 583 1602 cult
570 1547 616 1602 tor
637 1541 799 1601 iamborum
828 1541 865 1600 ad
888 1541 957 1601 artis
985 1537 1066 1617 l‘eges
1088 1539 1300 1617 adscriptorum

132 1643 323 1704 nominandus
346 1648 389 1703 est
410 1640 445 1704 A
482 1644 672 1704 Veterrimum
700 1644 777 1704 onim
799 1643 912 1704 Cereris
934 1643 993 1704 cult
981 1648 1042 1702 tum
1064 1642 1159 1702 Pari
1150 1661 1181 1700 ιο
1204 1641 1303 1718 patria

48 1744 52 1761 '
134 1745 194 1806 eius
223 1745 320 1804 insula
346 1745 476 1806 floruisse
498 1752 618 1824 apparet
644 1766 678 1807 ex
704 1747 811 1825 hymno
839 1745 917 1805 hom.
941 1747 1055 1805 496et
1042 1751 1111 1805 tex
1141 1745 1235 1821 prisco
1259 1744 1301 1803 in·

134 1847 215 1908 sulae
236 1848 353 1908 nomino
373 1841 542 1929 Δημητριάς
565 1849 641 1926 apud
656 1846 834 1926 Stephanum
856 1847 974 1926 Byzaut.
999 1851 1121 1907 serrato.
1151 1845 1248 1924 Atque
1271 1847 1301 1905 in

134 1951 180 2010 his
196 1949 277 2010 festis
299 1949 349 2009 ubi
371 1969 389 2009 a
403 1950 527 2027 pueritia
541 1950 589 2010 ille
603 1952 680 2010 hunc
701 1951 847 2029 rythmum
863 1950 973 2009 audivit
988 1947 1166 2031 αὐτομάτως
1181 1947 1303 2022 (Tricha

133 2072 162 2131 p.
187 2052 260 2126 256)
283 2056 427 2128 repertum
447 2049 487 2110 ¹ad
510 2047 624 2111 ἰάπτειν
646 2054 797 2128 idoneum,
826 2051 966 2132 eiusmodi
987 2056 1052 2128 post
1075 2068 1175 2110 versus
1198 2068 1232 2109 ex
1255 2070 1303 2111 ru·

134 2156 205 2216 stico
221 2172 359 2230 ⁴sermone
393 2154 521 2215 sublatos
543 2156 572 2214 in
606 2175 690 2215 usum
720 2155 878 2215 litterarum
911 2136 1037 2215 traduxit
1066 2154 1232 2230 effecitque,
1268 2157 1303 2211 ut

133 2258 246 2318 numeri
272 2275 307 2316 ex
328 2263 459 2335 tempore
487 2257 547 2317 nati
568 2259 700 2336 perpetui
729 2253 883 2318 existerent
906 2258 1085 2335 propriarum
1115 2255 1206 2316 animi
1235 2273 1304 2314 sen-

133 2360 289 2420 tentiarum
312 2359 410 2418 nuntii·
433 2365 462 2418 et
484 2361 662 2438 interpretes.
708 2358 844 2420 Similiter
867 2359 901 2419 A.
926 2361 954 2419 1ο
976 2358 1087 2419 litteras
1116 2358 1223 2435 recepit
1245 2364 1304 2418 tro-

133 2463 253 2523 chaeum
281 2461 318 2521 ab
344 2461 440 2522 iambo
469 2461 547 2522 nulla
582 2481 614 2522 re
641 2463 783 2523 diversum
813 2463 867 2521 nisi
895 2480 1029 2539 perverso
1058 2454 1125 2519 κατ’
1153 2453 1305 2518 ἀντίθεσιν

134 2564 307 2645 syllabarum
330 2562 440 2639 ordine,
463 2565 597 2642 cuipedi
619 2567 711 2626 eidem
733 2583 836 2625 nomen
858 2564 913 2623 fuit
934 2564 1046 2624 choreo.
1092 2561 1175 2637 Quod
1196 2580 1264 2621 cum
1286 2581 1306 2622 a

135 2667 274 2728 vocabulo
297 2662 382 2750 χορός
403 2666 520 2727 ductum
544 2668 590 2742 sit,
618 2669 673 2730 hoc
700 2687 814 2748 quoque
841 2674 963 2727 metrum
986 2685 1021 2725 ex
1048 2664 1152 2725 festiva
1174 2665 1306 2725 saltandi

136 2770 342 2832 consuetudine
368 2775 515 2848 sumptum
544 2777 670 2849 apparet.
716 2769 817 2832 Sarum
845 2770 993 2831 autemid
1021 2769 1193 2830 discriminis
1215 2769 1307 2829 inter-

136 2877 238 2951 cessit,
267 2879 298 2933 ut
320 2873 447 2934 choreus
462 2877 540 2934 esset
568 2875 617 2935 hic
640 2875 761 2934 duarum
791 2873 967 2952 syllabarum
988 2891 1057 2950 pes,
1080 2872 1232 2933 trochaeus
1255 2874 1307 2933 tri-

137 2978 267 3057 brachys.
298 2972 491 3037 Sisciam.
516 2979 565 3052 57,
592 2978 648 3037 191
665 2983 694 3037 et
711 2977 828 3054 Quintil.
851 2975 900 3053 lX,
926 2982 955 3051 4,
980 2980 1018 3037 80
1042 2965 1071 3035 et
1092 2977 1141 3035 82.
1171 2973 1306 3055 Hephae-

137 3081 224 3141 stioni
247 3079 419 3157 deniquep.
448 3079 536 3140 121
508 3084 536 3140 et
557 3079 646 3139 schol.
665 3099 693 3158 p
716 3083 773 3140 121
797 3085 826 3140 et
852 3082 908 3139 152
934 3078 1076 3138 bonuaria
1102 3077 1213 3137 ratione
1237 3078 1305 3138 cho

137 3203 203 3245 reus
225 3188 270 3243 est
291 3182 459 3260 tribrachys.

224 3284 280 3346 Sed
302 3286 470 3363 priusquam
493 3284 528 3345 ad
551 3258 608 3346 alia
629 3287 796 3364 procedam,
825 3304 915 3363 pauca
937 3283 1061 3362 duplicis
1083 3285 1194 3360 generis
1216 3287 1307 3346 vesti·

139 3392 186 3468 gia
208 3406 355 3451 recensere
384 3407 477 3447 meum
501 3395 544 3448 est
550 3408 664 3468 ‚qnae
686 3407 769 3448 usum
791 3387 962 3449 Archilocho
990 3406 1027 3446 an
1027 3388 1178 3464 itquiorem
1201 3390 1307 3450 testari

140 3494 280 3553 videntur.
347 3495 391 3551 Ac
423 3492 546 3569 primum
579 3493 693 3571 quidem
727 3492 799 3553 Plut.
835 3493 870 3552 de
902 3511 975 3552 mus.
1009 3493 1062 3552 29:
1100 3487 1151 3548 τὸν
1186 3483 1306 3573 Ολυμ-

137 3615 194 3655 πον
217 3593 338 3671 ἐκεῖνον,
361 3596 385 3673 ᾡ
409 3580 446 3660 dui
468 3590 522 3660 τήν
545 3592 713 3678 ἀρχήνς
659 3615 713 3665 τις
728 3587 904 3665 Ελληνικῆς
927 3613 961 3653 τε
984 3591 1169 3676 καὶνομικῆς
1192 3594 1307 3677 μούσης

138 3682 334 3772 ἀποδιδόασι,
360 3693 396 3755 τό
420 3715 452 3755 τε
479 3702 532 3767 τῆς
520 3694 693 3817 ςσὶρρονίοις
715 3691 799 3782 γένος
827 3685 951 3781 ἐξευρεῖν
974 3716 1047 3780 φασι
1075 3693 1125 3754 καὶ
1152 3701 1212 3754 τῶν
1236 3693 1306 3774 ps-

140 3807 203 3906 μῶν
225 3819 277 3858 τον
291 3819 326 3859 τε
340 3784 580 3883 προσοδιακον
571 3819 600 3857 εν
623 3820 647 3876 ῳ
671 3798 686 3857 ὁ
708 3805 761 3858 τοῦ
778 3794 888 3884 Αρεως
910 3796 1007 3883 νόμος,
1030 3796 1081 3858 καὶ
1103 3793 1155 3856 τὸν
1178 3805 1304 3882 χορεῖον,

139 3926 163 3982 ῳ
185 3903 289 3980 πολλῷ
313 3904 456 3987 κέχρηται
484 3901 513 3961 ἐν
541 3909 602 3972 τοις
624 3860 733 3968 1111ητ’
700 3923 792 3986 ρῳοις.
838 3903 930 3980 Quem
957 3903 1050 3963 locum
1072 3901 1212 3999 Bergkius
1241 3881 1303 3962 ind.

139 4007 159 4068 1.
183 4027 212 4085 p.
237 4006 285 4066 VH
307 4011 422 4067 secutus
444 4011 472 4065 et
495 4010 603 4065 tutatus
627 4006 829 4067 Archilochum
852 4026 915 4068 cum
944 4005 1067 4065 multta
1055 4011 1149 4065 ttum
1136 4006 1304 4066 trochaeum

140 4129 174 4169 ex
195 4109 288 4169 tibine
310 4108 424 4187 Olympi
446 4112 507 4168 arte
529 4108 666 4168 sumsisse
688 4111 795 4169 statuit.
841 4111 933 4169 Minus
955 4114 1032 4168 recte
1060 4109 1089 4167 id
1112 4108 1242 4186 quidem,
1271 4115 1305 4168 ut

140 4213 210 4271 mihi
232 4212 354 4275 videtur.
400 4210 482 4286 Quod
504 4216 536 4271 ut
564 4212 766 4288 demonstrem,
789 4215 914 4273 musicae
937 4211 1077 4272 elementa
1105 4217 1191 4288 atque
1212 4211 1304 4271 incre·

139 4325 236 4374 menta
258 4334 344 4393 quam
366 4316 533 4375 brevissime
557 4314 683 4374 conabor
705 4315 881 4375 adumbrare.
919 4315 1023 4375 Priscis
1045 4316 1076 4374 1ο
1092 4299 1212 4375 Graecia
1233 4320 1304 4374 tem-

140 4418 257 4496 poribus
278 4422 392 4496 praeter
407 4416 518 4495 epicam
533 4418 643 4496 poesin,
665 4417 702 4477 dc
725 4437 782 4498 qua
804 4414 863 4478 dixi
884 4436 912 4495 p.
937 4421 965 4492 4,
989 4417 1093 4495 duplex
1113 4417 1235 4477 florebat
1255 4436 1305 4477 ars
