2864 5002
697 353 736 410 44

615 435 817 444 ...----————

352 539 549 633 ’Epacpovidn
574 547 715 634 Χαρίλαε,
777 547 876 636 χρῆμά
898 571 944 611 τοι
967 551 1093 637 palatos,

137 656 166 714 in
192 661 251 733 'quo
282 655 426 715 trochaico
448 654 582 716 hemiolio
609 656 669 714 sive
691 653 877 734 ithyphallico
907 654 1097 731 praemittitur
1117 653 1290 731 hephthemi

137 776 229 822 meres
258 757 483 834 anapaesticum·
499 757 535 816 ab
563 757 658 818 iambo
685 758 835 835 incipiens.
859 757 892 815 V.
916 755 1069 833 Hephaest.
1098 775 1125 833 p.
1158 758 1216 828 28,
1250 757 1301 834 qui

85 860 88 865 ’
137 864 229 919 totum
250 862 335 920 metri
357 877 459 937 corpus
483 878 536 938 pro
560 879 615 920 uno
638 878 719 919 versu
742 865 908 920 tetrametro
930 858 1017 918 habet
1037 857 1158 935 ideoque
1181 875 1301 936 asynar-

141 966 232 1021 tetum
255 981 320 1022 esse
335 962 380 1022 vol
401 962 456 1022 hac
478 980 509 1021 re
525 963 609 1022 tacite
631 960 760 1023 testatur.
791 960 899 1021 Eadem
920 962 1030 1021 ratione
1052 959 1120 1019 Ath.
1135 958 1163 1019 X
1179 961 1242 1020 415
1260 959 1300 1020 D:

119 1056 181 1124 ‘'.A
198 1052 247 1120 δ”
235 1059 549 1157 srrerpape‘rporc
537 1057 734 1146 ςΧαρίλαν.
749 1050 977 1142 bitettinum
1000 1061 1304 1122 Ceterumhocidem

137 1173 181 1224 est
202 1172 342 1242 metrum
370 1167 415 1225 cui
438 1164 649 1225 Ritschelius
641 1186 671 1225 m
693 1186 738 1244 op.
762 1166 823 1243 lp.
848 1167 906 1226 283
932 1184 1036 1225 nomen
1059 1165 1186 1270 vindicat
1208 1182 1304 1246 προς

98 1256 327 1346 1811161111
350 1287 406 1346 quo
429 1267 502 1326 infra
523 1245 604 1344 plura
626 1268 746 1328 dicenda
767 1275 843 1328 sunt.

177 1368 295 1427 Tum
317 1370 516 1430 intercisorum
540 1376 765 1461 asynartetornm
788 1370 893 1447 (Heph.
916 1389 943 1446 p.
961 1373 1015 1431 53:
1050 1364 1158 1451 ὁμοίως
1164 1360 1199 1448 *)
1223 1363 1306 1425 κατὰ

139 1472 241 1535 atr
221 1466 338 1552 πρώτην
369 1456 591 1548 ineruditam),
620 1472 779 1549 exemplum
807 1478 851 1532 est
879 1469 908 1530 ἐν
931 1478 991 1540 τοῖς
1013 1465 1244 1554 ἀναφερομένοις
1268 1469 1307 1538 εἰς

139 1564 311 1655 Ἀρχίλοχον
334 1560 494 1653 Ἰοβάκχοις
517 1567 566 1653 (fr.
591 1572 678 1647 lto).

300 1667 454 1757 Arpnrpog
477 1673 567 1758 ἀρῆς
590 1672 640 1733 καὶ
663 1671 749 1759 κόρης
772 1671 827 1755 τῂν
848 1677 1010 1760 πανήγυριν
1033 1667 1169 1753 ciprum·

321 1787 441 1838 ‘rw
479 1793 555 1837 --ι
606 1797 629 1802 ,-
670 1789 810 1824 04-
862 1787 1001 1805 W„
1041 1783 1116 1800 ..-

140 1877 218 1954 quod
239 1883 360 1937 metrum
385 1876 641 1961 προκαταλήκτως
663 1898 697 1938 ex
719 1880 785 1942 dim.
807 1882 894 1941 iamh.
912 1886 983 1941 scat.
1007 1887 1036 1940 et
1062 1878 1307 1956 hephthemimeri

139 1980 228 2040 troch.
262 1981 448 2057 compositum
467 1989 533 2041 est.
598 1981 747 2042 Praeterea
786 1983 894 2043 metrici
926 1983 1008 2043 latini
1041 1981 1214 2042 Archilocho
1248 1981 1305 2040 dno

140 2083 224 2143 etiam
247 2083 377 2142 tribuunt
398 2089 573 2162 asynarteta:
598 2083 667 2144 liar.
689 2083 762 2145 Vict.
785 2103 812 2163 p.
840 2089 896 2145 141
920 2085 1094 2145 trochaicum

374 2185 470 2245 Tollor
490 2186 520 2244 in
543 2191 654 2245 montes
678 2204 767 2262 vagus
811 2188 931 2248 entheus
954 2192 1070 2264 repente

432 2298 453 2311 ν
493 2304 518 2310 —
569 2300 1064 2347 --'<-v:v-v-u—v

140 2395 169 2447 et
190 2387 299 2449 Plotius
322 2410 352 2468 p
376 2393 435 2451 512
460 2397 488 2450 et
510 2394 569 2452 517
594 2393 796 2454 archilochium
820 2378 885 2450 diac·
873 2386 1033 2475 avhuprpep
1037 2373 1098 2449 tati
1122 2392 1200 2453 velut

367 2486 416 2550 Εν
440 2479 473 2551 δὲ
496 2480 768 2570 Βατουσιάδηῇἐ
770 2481 841 2552 obt
866 2410 1077 2563 Baaoboto'rdr.c.

641 2608 682 2623 υ·
695 2607 837 2639 v-»u
876 2607 1046 2623 υ--υυ-

142 2691 197 2752 Sed
227 2695 306 2771 prius
334 2696 492 2774 exemplum
520 2717 619 2775 parurn
649 2707 755 2760 certum
779 2701 905 2773 videtur,
938 2700 1085 2777 posterius
1111 2698 1153 2759 nil
1182 2703 1227 2758 est
1250 2699 1305 2758 nisi

141 2803 320 2873 pentameter
342 2818 456 2876 versus,
484 2819 568 2878 quem
592 2803 704 2862 etiamsi
732 2801 843 2878 singula
864 2801 994 2861 membra
1017 2819 1133 2877 semper
1155 2802 1233 2862 binis
1258 2802 1305 2862 da·

142 2899 223 2976 ctylis
247 2906 275 2958 et
307 2901 414 2979 syllaba
445 2914 575 2964 constare
594 2905 706 2965 Plotino
730 2906 894 2978 credamne,
928 2908 966 2964 ab
998 2904 1162 2964 hexametro
1196 2904 1306 2964 seiunc-

144 3011 202 3060 tum
239 3003 285 3063 vix
319 3005 486 3079 cogitamus.
551 3002 628 3067 Hice
656 3008 684 3066 in
718 3008 913 3080 aestimandis.
935 3004 1100 3066 Archilochi
1131 3007 1306 3084 asynartetis

142 3106 273 3165 omittere
310 3113 447 3184 praestat.
503 3108 605 3169 Cetera
640 3112 681 3170 ita
726 3111 883 3187 composita
916 3113 996 3180 sunt,
1042 3115 1073 3166 ut
1105 3107 1211 3183 singuli
1244 3128 1306 3168 ver-

142 3226 225 3267 suum
253 3209 368 3268 ordines
396 3230 512 3271 caesura
540 3232 650 3290 semper
676 3213 867 3273 distineuntur
897 3218 983 3287 atque
1015 3211 1098 3270 etiam
1121 3211 1151 3269 in
1173 3210 1208 3269 fr.
1237 3214 1305 3284 115,

81 3370 87 3381 ,
143 3329 199 3388 quo
221 3310 379 3372 Bentleium
396 3313 515 3374 abusum
539 3335 602 3376 esse
624 3316 856 3393 supradiximus,
879 3313 989 3392 syllaba
1010 3333 1117 3390 anceps
1139 3313 1307 3374 exhibeatur

143 3414 265 3489 priorem
295 3416 424 3475 ordinem
451 3417 635 3478 concludens.
681 3416 818 3478 Similiter
845 3417 920 3494 apud
950 3412 1119 3489 Horatium,
1149 3434 1235 3495 quem
1259 3416 1306 3475 ad·

143 3515 241 3576 hibere
263 3516 330 3578 licet
349 3525 445 3596 utpote
468 3523 515 3597 qui
538 3522 568 3580 in
583 3522 681 3599 epodis
706 3539 898 3596 „numeros
914 3520 1081 3597 animosque
1103 3525 1231 3578 secutum
1255 3518 1306 3578 Ar·

136 3618 281 3681 chilochi‘
308 3642 339 3682 se
363 3625 423 3700 ipse
452 3625 615 3701 profiteatur
643 3644 687 3701 ep.
711 3624 732 3697 l,
760 3627 806 3698 19,
832 3625 880 3698 ¹24,
904 3622 1043 3682 eiusmodi
1065 3623 1094 3681 in
1120 3622 1220 3681 metris
1243 3639 1306 3681 cac·

144 3741 239 3782 suram
274 3725 378 3803 ubique
407 3727 533 3798 videmus
566 3746 628 3787 esse
661 3727 777 3787 eandem
812 3732 900 3804 atque
927 3724 1067 3803 syllabam
1095 3724 1249 3801 ancipitem
1278 3725 1308 3783 in

145 3827 314 3903 ep.9v.6‚
335 3833 381 3902 10,
405 3830 444 3888 26
468 3837 495 3890 et
522 3833 555 3889 13
573 3850 599 3890 v.
614 3834 642 3905 8,
661 3832 708 3902 10,
730 3834 765 3888 14
793 3847 957 3888 concessam
973 3829 1047 3888 sicut
1061 3828 1091 3887 in
1107 3847 1151 3904 ep.
1171 3829 1252 3887 llv.
1270 3831 1305 3887 14

147 3931 236 3988 1124
260 3930 379 3993 hiatum.

229 4112 254 4181 *t
282 4113 489 4181 Hephaestionis
511 4112 860 4183 1μοίως1ο1111111111,
891 4115 1015 4181 quoniam
1046 4109 1212 4165 nullumdum
1239 4111 1308 4165 eius·

144 4197 214 4250 modi
236 4199 385 4267 exemplum
406 4200 539 4267 prolatum
566 4203 614 4252 est.
649 4199 743 4266 Itaque
762 4198 869 4252 Caesari
887 4199 914 4252 in
942 4215 990 4252 em.
1009 4197 1087 4266 heph.
1106 4196 1132 4249 Il
1160 4197 1308 4264 1111111111.

148 4284 223 4345 1869)
241 4300 266 4351 p.
285 4284 323 4336 VI
340 4286 407 4339 illud
425 4286 533 4339 verbuin
553 4300 566 4338 e
585 4288 599 4348 ξ
616 4286 646 4338 21
667 4285 733 4338 false
752 4282 926 4350 videtur'huc
944 4284 1102 4337 translatum
1123 4298 1188 4335 esse.
1212 4281 1310 4351 liqui·

146 4370 204 4423 dem
222 4369 271 4422 hoc
289 4367 379 4439 ὀμοίως
398 4371 431 4424 ab
443 4369 641 4438 Hephaestione
658 4384 692 4424 ex
710 4369 855 4440 copiosiore
873 4386 960 4438 opere,
979 4385 1013 4433 ex
1031 4385 1082 4435 quo
1102 4366 1244 4437 ἐγχειρίδιον
1265 4382 1310 4422 ex·

145 4456 252 4524 serpsit,
271 4461 369 4509 temere
388 4463 521 4510 servatum
538 4470 641 4511 censeo.
