2874 4988
521 1171 751 1270 Visa.

144 1419 230 1474 Natus
248 1434 306 1472 sum
328 1417 428 1472 Paulus
446 1417 623 1494 Godoualdus
641 1417 806 1470 Denticke
832 1417 876 1471 die
894 1420 933 1472 rt.
952 1418 1052 1472 mensis
1069 1416 1223 1472 Decembris

59 1505 127 1559 anni
147 1505 212 1559 1848
230 1503 350 1558 Glaucha
367 1502 503 1572 inferiore,
513 1503 567 1570 ‚qui
583 1502 657 1556 vicus
675 1507 741 1555 situs
761 1508 802 1556 est
819 1503 848 1556 in
860 1502 999 1558 Deliciana
1015 1503 1123 1572 regione
1142 1502 1223 1557 Saxo·

57 1591 121 1645 niae
154 1591 331 1644 Borussorum
361 1588 521 1658 provinciae.
567 1588 696 1641 Parentes
732 1592 796 1640 sunt
822 1587 919 1641 Christ.
947 1588 1114 1643 Godofredus
1140 1589 1171 1642 D.
1197 1593 1224 1641 et

58 1676 158 1730 Christ.
177 1674 279 1729 Rosina
296 1689 330 1728 ex
347 1680 427 1743 gente
444 1672 707 1746 Kretzschmarians,
736 1687 802 1739 quos
820 1672 908 1727 adhuc
923 1673 1002 1735 ¹rivos
1028 1675 1074 1743 pia
1095 1678 1224 1743 grataque

58 1766 152 1815 mente
169 1761 235 1815 colo.
270 1759 349 1814 Fidei
365 1759 488 1814 addictus
506 1774 564 1812 sum
584 1758 759 1826 evangelicae.
795 1757 891 1811 Primis
914 1759 1062 1812 litterarum
1086 1759 1223 1812 elementis
1260 1800 1267 1816 .

58 1848 88 1900 in
107 1847 193 1915 ipsius
205 1846 290 1914 patris
308 1845 399 1899 schola
416 1845 533 1898 imbutus
545 1852 609 1897 'sum
626 1842 811 1911 politiorisque
831 1844 1005 1898 humanitatis
1015 1844 1108 1898 initiis
1125 1845 1224 1897 instru-

62 1939 125 1986 ctus
152 1930 313 1985 aBoehmio
330 1937 438 1998 pastore
456 1930 508 1985 loci
530 1934 694 1999 summopere
711 1929 777 1983 mihi
794 1929 953 1983 venerando.
987 1929 1059 1983 Vere
1076 1930 1141 1984 enni
1159 1930 1225 1984 1863

56 2016 227 2086 gymnasium
244 2014 299 2069 adii
311 2013 497 2082 Torgovanum
515 2020 542 2069 et
559 2031 608 2084 per
620 2030 671 2069 sex.
685 2014 725 2068 ibi
741 2030 827 2068 annos
845 2013 965 2068 eruditus
984 2030 1042 2068 sum
1055 2014 1224 2068 institutione

56 2101 248 2170 magistrorum
261 2098 472 2154 doctissimorum
489 2104 570 2166 atque
588 2100 687 2168 optime
705 2103 738 2154 de
755 2115 797 2153 me
810 2099 971 2167 meritorum,
989 2115 1022 2153 ex
1040 2099 1137 2166 quibus
1149 2115 1224 2177 prse-
1253 2119 1257 2126 ,

53 2191 102 2239 ter
119 2191 221 2239 ceteros
239 2184 349 2239 laudare
366 2199 408 2237 me
426 2182 502 2237 decet
520 2183 568 2240 dir.
587 2185 738 2239 Haaclrium
756 2190 782 2239 et
800 2183 867 2252 prof.
886 2184 1093 2238 Rothmannum.

116 2328 121 2336 ,
145 2269 311 2323 Maturitatis
329 2269 482 2323 testimonio
505 2269 643 2336 praeditus
660 2271 694 2324 ab
717 2271 829 2324 ineunte
848 2269 970 2322 semestri
993 2268 1094 2322 aestivo
1113 2269 1179 2324 1869
1196 2269 1224 2321 in

53 2355 235 2410 universitate
253 2354 365 2410 Halensi
382 2353 417 2409 ad
435 2353 553 2408 studium
570 2354 721 2424 theologiae
737 2354 925 2424 philosophiae
947 2353 1107 2423 philologiae
1124 2354 1225 2407 incum-

53 2443 125 2496 bere
142 2441 224 2509 coepi.
261 2440 365 2496 Scholis
390 2455 455 2494 usus
474 2439 642 2509 Bernhardyi
658 2440 741 2494 Keilii
757 2440 871 2496 Zacheri
888 2439 1012 2493 Krameri
1030 2439 1225 2494 Sohlottmanni

58 2525 212 2581 Erdmanni
242 2524 336 2580 Ulrioii
362 2524 520 2578 Delbriickii
550 2523 697 2578 Steinharti
727 2525 938 2580 Tsohischwitzii
963 2524 1060 2579 litteris
1091 2530 1153 2594 post
1178 2524 1225 2578 im·

56 2610 155 2682 primis
173 2625 280 2678 operam
298 2610 361 2664 dedi
378 2609 481 2679 graecis
500 2608 590 2662 latinis
609 2609 760 2665 theodisois.
793 2611 852 2679 Qua
869 2610 897 2663 in
921 2624 1003 2678 opera
1025 2610 1129 2678 egregie
1151 2609 1225 2663 adiu-

55 2706 104 2750 tus
123 2711 180 2749 sum
198 2696 312 2763 publicis
330 2694 494 2764 privatisque
511 2694 694 2747 universitatis
713 2695 832 2749 auxiliis:
851 2694 986 2748 seminarii
1002 2694 1159 2763 philologici
1177 2709 1224 2747 ex-

57 2780 263 2836 ercitationibus
281 2797 297 2832 a
316 2779 489 2849 Bernhardyo
510 2784 537 2833 et
555 2779 647 2838 Keilio
661 2781 815 2846 temperatis
832 2795 882 2849 per
900 2780 1025 2847 quinque,
1043 2778 1226 2833 chheriauoe

57 2865 183 2922 societati
200 2864 354 2920 theodiscae
372 2881 420 2934 per
438 2865 497 2925 tria.
516 2863 657 2918 Keilianae
674 2863 776 2918 latinas
793 2880 842 2933 per
866 2865 918 2918 duo
936 2864 1076 2924 semestris
1093 2865 1226 2918 interesse

57 2951 127 3007 milri
148 2949 231 3005 licuit
267 2949 340 3004 Viris
369 2949 564 3015 illustrissimis,
583 2950 629 3016 qui
646 2948 760 3017 benigne
777 2949 842 3002 mihi
860 2950 963 3004 facilem
981 2951 1046 3004 illuc
1063 2949 1164 3003 aditum
1181 2965 1226 3017 pa-

58 3043 189 3092 raverunt
200 3041 413 3105 potestatemque
430 3036 553 3091 fecerunt
568 3034 674 3103 longius
691 3034 719 3087 in
733 3034 828 3088 studiis
846 3034 1010 3104 proficiendi,
1028 3034 1128 3103 gratias
1141 3033 1226 3088 habeo

61 3137 198 3176 maximas.

146 3208 189 3261 Ex
213 3212 339 3281 autumno
361 3221 385 3259 a.
404 3208 471 3262 1872
492 3221 541 3276 per
562 3221 662 3260 annum
684 3204 849 3273 privatarum
870 3206 927 3259 ruri
950 3206 1101 3260 scholarum
1117 3219 1226 3258 munere

63 3291 170 3346 functus
192 3292 276 3347 Helas
302 3292 371 3346 redii
399 3293 434 3347 ad
459 3307 569 3346 examen
596 3306 644 3358 pro
662 3290 713 3344 fao.
732 3291 789 3345 doc.
816 3289 992 3346 subeundum.
1029 3292 1087 3360 Quo
1113 3290 1228 3344 feliciter

63 3383 189 3444 superato
211 3393 302 3432 mense
321 3377 401 3432 lunio
423 3393 447 3432 a.
466 3379 534 3432 1874
550 3376 698 3445 Torgovam
719 3389 762 3428 me
779 3375 883 3437 rettuli,
908 3376 955 3429 ubi
978 3377 1101 3444 publicae
1120 3375 1226 3429 scholae

62 3479 140 3518 usum
165 3479 197 3518 ac
219 3461 387 3534 disciplinam
409 3468 535 3530 expertus
558 3466 585 3515 et
606 3468 714 3529 postero
736 3475 806 3514 anno
828 3458 857 3512 in
880 3475 1017 3515 numerum
1044 3461 1227 3516 ordinatorum

61 3548 193 3618 gymnasii
214 3555 417 3617 praeceptorum
441 3551 566 3615 receptus
592 3561 657 3600 sum.
690 3546 758 3600 Inde
784 3545 927 3599 devocatus
949 3545 1090 3614 postquam
1117 3545 1227 3600 Octobri

62 3648 154 3688 mense
173 3634 239 3689 1876
264 3634 419 3702 Berolinum
444 3631 552 3696 transii,
578 3631 607 3685 in
633 3631 770 3700 gymnasio
791 3619 999 3685 Humboldtiano
1026 3646 1098 3686 nunc
1120 3630 1227 3685 easdem

61 3715 185 3788 magistri
202 3724 293 3784 partes
310 3735 368 3789 ago.
