2864 5002
705 288 723 344 8

129 491 230 552 velex
253 491 420 567 populorum
444 495 621 549 terrarumve
644 487 883 565 descriptionibus

133 593 169 654 fr.
188 596 226 655 78
272 589 366 669 (nota)
389 591 424 650 de
446 591 565 669 penuria
587 596 616 649 et
637 590 776 650 edacitate
799 589 1002 667 Myconiorum,

128 697 343 774 fragmentoqne
373 695 409 764 21
446 693 482 753 de
510 692 682 752 amoenitate
708 692 835 768 regionis
865 690 901 750 ad
930 688 1001 750 Siris
1034 692 1113 767 ripas
1152 691 1240 766 sitae,
1268 693 1297 750 in

265 815 351 876 qnam
384 795 507 856 Tarento
540 814 575 854 ex
608 793 678 854 urbe
716 813 741 854 a.
766 797 824 854 708
854 794 966 854 condita
996 791 1136 852 coloniam
1166 792 1298 867 (nomine

265 898 443 974 Heracleam,
455 897 609 976 aliquando
623 894 721 974 Sirim)
738 896 890 956 deductam
907 896 997 956 tradit
1012 893 1116 955 Strabo
1129 895 1166 955 Vl
1181 915 1208 972 p.
1223 897 1297 970 264,

267 1001 344 1081 qnod
369 1002 445 1062 idem
467 1000 673 1061 Archilochum
695 1000 754 1060 suis
777 999 887 1059 civibus
910 998 1035 1058 suasisse
1057 997 1297 1058 Schneidewinna

266 1109 374 1165 censet.

83 1240 92 1261 .
214 1205 293 1267 Haec
325 1207 412 1284 igitur
445 1211 473 1266 et
500 1205 605 1266 similia
633 1205 669 1265 ab
695 1203 867 1265 Archilocho
894 1202 1085 1281 peculiaribus
1118 1201 1299 1279 argumentis

129 1309 222 1370 obiter
254 1314 376 1388 possunt
407 1309 515 1369 inserta
548 1326 619 1368 esse.
672 1307 773 1386 Itaque
802 1307 931 1368 conicere
959 1307 1102 1384 possimus
1131 1305 1299 1365 Deianiram

129 1430 243 1491 qnoque
271 1412 301 1471 in
328 1413 452 1472 transitu
472 1411 635 1486 memorari,
658 1428 691 1470 eo
714 1410 835 1471 fortasse
859 1408 987 1484 consilio,
1011 1415 1042 1468 nt
1063 1407 1226 1486 exemplum
1248 1408 1298 1467 ha·

129 1514 231 1574 beatur
257 1513 392 1574 immanis
418 1513 588 1573 feminarum
619 1513 775 1591 nequitiae.
827 1510 920 1586 Quam
954 1511 1148 1572 coniecturam
1181 1528 1299 1570 movere

128 1616 242 1694 possint
266 1616 354 1676 verba
380 1616 482 1676 Dionis
510 1616 674 1694 chrysost,
702 1615 802 1694 quiin
824 1607 1062 1675 or.60ss666:
1097 1610 1168 1697 φασὶ
1190 1609 1249 1698 γὰρ
1274 1601 1300 1671 οἱ

130 1711 193 1801 μὲν,
215 1719 324 1795 inquit,
352 1714 404 1778 τὰν
427 1712 591 1803 Ἀρχίλοχον
614 1718 741 1800 ληρεῖν
762 1722 906 1776 ποιοῦντα
928 1713 982 1784 τὴν
1004 1711 1176 1797 Δηϊάνειραν
1200 1713 1231 1774 ἐν
1255 1721 1298 1792 τῷ

130 1808 284 1898 βιάζεσθαι
312 1816 368 1880 ὑπὸ
405 1826 458 1880 τοῦ
497 1814 669 1900 Κενταύρου
699 1866 736 1881 ..
768 1806 964 1904 ῥαψῳδοῦσαν
1069 1815 1147 1878 ὥστε
1181 1817 1299 1885 πολλὴν

129 1917 239 2004 σχολην
262 1913 334 1980 εἶναι
356 1927 400 2000 τῷ
422 1916 539 2001 Νέσσῳ,
563 1917 609 1981 ὅτι
633 1918 775 2000 ἐβούλετο
798 1909 915 2005 πρᾶξαι.
959 1919 1017 1982 Sed
1037 1921 1202 1982 Deianiram
1226 1921 1299 1981 satis

129 2024 219 2085 multa
251 2030 372 2102 apparet
404 2025 493 2085 verba
524 2024 627 2086 fecisse
661 2024 945 2108 ἀναμιμνῄσκουσαν
978 2012 1031 2093 σῆς
1064 2027 1118 2081 τοῦ
1146 2016 1299 2105 Ἀχελῴου

130 2123 286 2209 μνηστείας
308 2124 358 2185 καὶ
380 2132 440 2185 τῶν
462 2123 534 2186 τότε
556 2121 734 2212 γενομένων.
786 2127 868 2187 Adde
894 2126 971 2206 qnod
994 2124 1233 2187 Schneidewinus
1257 2127 1300 2186 vir

129 2229 312 2291 acutissimus
339 2230 527 2308 probabiliter
548 2231 605 2291 hnc
627 2229 735 2290 rettulit
756 2229 792 2290 fr.
807 2234 865 2300 41,
889 2230 1003 2308 qnippe.
1016 2230 1096 2289 cuins
1119 2230 1214 2289 verbis
1237 2230 1300 2289 sine

129 2330 190 2393 ulla
216 2332 347 2392 mercede
374 2333 483 2393 Nessus
510 2333 675 2393 Deianiram
707 2352 737 2392 se
763 2333 949 2393 traiecturum
978 2339 1072 2408 neget.
1122 2333 1182 2393 Nec
1204 2332 1301 2407 minus

129 2435 184 2495 huc
206 2434 315 2496 faciunt
336 2436 423 2496 verba
444 2436 532 2496 schol.
550 2437 588 2496 ad
602 2435 697 2513 Apoll.
712 2435 834 2496 Rhodl
855 2437 943 2511 rata,
968 2437 1016 2496 ubi
1041 2433 1076 2495 A.
1095 2455 1191 2496 necem
1207 2436 1300 2495 Nesso

128 2538 160 2597 in
181 2537 282 2598 Eueno
304 2537 390 2597 fluvio
424 2538 461 2598 ab
483 2537 605 2599 Hercule
627 2544 757 2616 paratam
780 2540 943 2599 narravisse
965 2539 1079 2599 dicitur.
1117 2538 1194 2598 Haec
1216 2538 1300 2615 plura

131 2640 202 2725 mihi
224 2639 358 2700 videntur
380 2659 443 2700 esse
465 2660 551 2719 quarn
575 2660 647 2720 qnae
669 2643 700 2702 in
722 2642 930 2719 praetereundo
952 2641 1017 2701 aliis
1040 2640 1215 2719 argumentis
1233 2660 1301 2718 pos·

131 2746 189 2805 sint
221 2745 329 2804 intexta
365 2744 461 2805 luisse.
506 2746 624 2806 Accedit
656 2745 733 2824 quod
765 2764 783 2804 a
821 2744 910 2806 schol.
931 2745 967 2806 ad
990 2744 1078 2806 ¹Hom.
1105 2738 1137 2802 Φ
1162 2748 1221 2804 239
1253 2764 1300 2804 res

130 2847 302 2909 Archilocho
330 2847 495 2908 tribuuntur
516 2849 552 2908 ab
575 2847 647 2927 illis,
681 2848 930 2927 qnasproposui,
964 2867 1138 2927 quamquam
1166 2847 1299 2915 diversae

130 2956 226 3012 tamen
252 2950 381 3029 proxime
410 2947 521 3011 affines.
571 2950 613 3012 Ibi
640 2953 716 3012 enim
743 2959 811 3012 sunt
841 2953 942 3013 verba:
987 2946 1111 3035 Ἀμὲν
1138 2951 1192 3011 οὐκ
1215 2948 1299 3010 aeta-

132 3072 224 3139 μησεν
246 3047 395 3138 Ἀχελῷον
423 3053 461 3123 ὡς
489 3050 625 3136 ποταμὸν
652 3046 795 3136 Ἠρακλεῖ
824 3052 999 3137 συμβαλεῖν,
1028 3049 1155 3123 ἀλλ’ὡς
1180 3060 1298 3135 ταῦρον.

132 3159 168 3218 llt
194 3159 251 3219 alia
277 3159 307 3217 in
333 3157 404 3235 ipsis
430 3159 515 3217 etiarn
544 3157 710 3234 fragmentis
733 3157 838 3218 indicia
859 3159 966 3218 insunt.
1012 3159 1085 3218 Nam
1109 3159 1163 3218 atsi
1184 3158 1219 3217 fr.
1239 3161 1299 3218 144

132 3263 312 3341 proverbium
341 3245 410 3319 nudi
432 3252 583 3346 Ἡρακλῆς
608 3257 677 3344 πρὸς
706 3248 758 3319 δύο
781 3281 837 3341 quo
860 3261 1042 3321 referendum
1066 3262 1102 3320 sit
1124 3263 1300 3338 ignoramus,

131 3371 227 3426 tamen
255 3365 352 3425 nescio
380 3383 417 3424 an
438 3362 473 3425 fr.
495 3366 550 3424 139
581 3364 616 3424 de
637 3363 764 3426 Acheloo
788 3364 897 3425 dietum
919 3365 967 3439 sit,
994 3383 1080 3443 quem
1103 3365 1184 3424 bovis
1206 3365 1299 3427 forma

136 3468 181 3529 vel
213 3469 307 3547 capite
339 3468 477 3531 indutum,
510 3486 585 3547 aqua
612 3467 719 3529 stillare
745 3468 815 3529 dicit
841 3468 978 3529 Deianira
1004 3470 1034 3528 in
1056 3468 1144 3546 Soph.
1162 3468 1298 3545 Trachin.

131 3593 158 3634 v.
179 3575 226 3632 13.
270 3570 307 3631 Et
334 3571 370 3632 ad
396 3571 515 3632 eandem
538 3571 667 3633 Herculis
690 3577 719 3632 et
739 3572 858 3633 Acheloi
880 3592 1005 3651 pugnam
1027 3573 1171 3652 pertinere
1194 3591 1297 3633 censeo

131 3674 273 3752 glossema
305 3673 367 3735 loco
405 3677 462 3735 182
496 3676 681 3753 exscriptum:
726 3668 903 3759 Μουνόκερα
926 3691 931 3703 ·
955 3672 990 3734 τὰ
1019 3672 1126 3759 μηκέτι
1154 3677 1222 3760 ἔχον
1244 3671 1299 3741 την

133 3774 238 3845 ἀλκήν.
283 3778 357 3839 Nam
379 3778 515 3840 Hercules
537 3779 662 3840 Acheloo
685 3780 715 3838 in
737 3780 797 3839 rixa
820 3779 911 3839 altero
934 3799 1021 3840 cornu
1043 3781 1134 3840 fracto
1158 3780 1235 3838 vires
1250 3777 1299 3838 de·

134 3880 291 3942 bilitavisse
313 3882 403 3942 fertur
425 3901 442 3941 a
463 3882 562 3942 multis
586 3882 730 3942 veteribus
754 3883 951 3960 scriptoribus,
975 3901 1047 3961 quos
1070 3882 1199 3942 laudavit
1221 3880 1299 3941 Prel-

133 3983 211 4044 lerus
239 3986 270 4044 in
290 3985 383 4062 myth.
401 3979 465 4046 Gal
483 3977 514 4042 Π
526 4004 554 4062 p.
572 3985 642 4044 244.
688 3983 768 4058 Quae
795 4003 859 4045 cum
882 3988 922 4045 ita
944 3986 1017 4062 sint,
1041 3986 1132 4047 facere
1155 4004 1213 4045 non
1235 4004 1300 4062 pos-

133 4105 196 4146 sum
220 4088 290 4164 quin
314 4086 444 4166 pluribus
467 4089 541 4148 hanc
564 4092 639 4147 certe
661 4079 801 4148 labalam
827 4088 862 4147 ab
886 4086 1055 4149 Archilocho
1070 4094 1220 4149 tractatam
1236 4107 1300 4147 esse

133 4195 268 4249 statuam.
312 4191 355 4250 De
377 4191 441 4250 aliis
464 4190 603 4255 eiusmodi
625 4191 730 4251 fabulis
753 4199 860 4251 certum
885 4191 1041 4270 quidquam
1065 4196 1116 4251 aut
1145 4190 1299 4252 verisimile

132 4312 191 4354 non
224 4298 320 4370 potest
353 4294 423 4353 erui.
479 4277 558 4354 Nam
586 4293 683 4373 Gygae
705 4293 844 4368 tabulam,
872 4295 896 4353 si
924 4313 1009 4372 quam
1037 4295 1164 4354 narravit
1185 4295 1231 4366 A,
1265 4313 1300 4352 ex

133 4396 255 4456 historia
277 4402 420 4474 sumptam
443 4401 571 4474 apparet.
616 4395 680 4472 Qua
701 4397 736 4456 de
757 4415 789 4458 re
811 4395 881 4457 Iuba
902 4399 1038 4457 metricus
1065 4397 1140 4475 apnd
1163 4396 1300 4457 Rufinum
