2864 5002
691 337 730 398 29

608 420 809 428 ψ

129 543 270 614 metmm,
298 539 374 616 quod
403 545 519 600 vocatur
548 540 788 618 penthemimeres
809 539 913 618 daetyl.
957 539 1149 600 Terentianus
1170 540 1288 603 Maurus

113 660 158 702 .v.
183 641 263 702 1807
288 662 318 720 p.
342 644 416 702 379:

280 760 342 822 Hoc
363 761 478 822 doctum
500 760 702 823 Archilochum
724 763 842 824 tradunt
863 764 996 842 genuisse
1017 765 1157 842 magistri,

333 864 377 924 Tu
398 865 478 939 mihi,
501 864 610 941 Flacca,
634 872 679 925 sat
701 885 743 926 es.

128 981 169 1041 Et
192 984 343 1061 ·quoniam
378 983 410 1043 in
449 984 576 1063 reliquiis
609 984 774 1046 Archilochi
808 986 954 1046 nulladum
988 987 1170 1050 inveniuntur
1204 986 1290 1047 huius

128 1085 266 1162 strophae
304 1087 448 1164 exempla,
481 1088 593 1149 Horatii
625 1109 648 1150 c.
672 1089 768 1162 ΝΛ
804 1108 856 1149 nos
892 1108 1004 1168 quoque
1034 1093 1145 1167 oportet
1176 1095 1291 1150 conten-

127 1193 175 1248 tos
199 1207 269 1250 esse.

147 1327 151 1334 ·
216 1307 249 1368 Π.
277 1306 415 1370 Similiter
447 1295 518 1373 loco
543 1313 776 1390 penthemimeris
806 1313 974 1373 subiunctus
1002 1318 1047 1372 est
1075 1314 1188 1372 tetram.
1217 1312 1290 1373 dact.

126 1410 161 1469 in
192 1409 284 1489 disyll.
312 1413 414 1489 catal,
451 1417 475 1493 ῲ
505 1421 619 1498 πρῶτος
647 1410 700 1499 μὲν
728 1410 873 1498 ἐχρήσατο
903 1408 1072 1499 Ἀρχίλοχος
1102 1411 1137 1490 Ιἐν
1167 1400 1293 1492 ἐπῳδοῖς

128 1503 194 1571 οῖον
217 1507 264 1592 (fr.
284 1513 352 1592 98):
383 1511 569 1598 Φαινόμενον
590 1514 684 1577 κακὰν
706 1502 805 1575 οἴκαδ’
828 1512 966 1602 ἄγεσθαι.

127 1631 224 1693 Huius
247 1653 359 1713 quoque
387 1638 522 1714 strophae
548 1638 692 1715 exempla,
727 1655 792 1697 cum
816 1641 931 1713 praeter
956 1637 1146 1713 fragmentum
1173 1637 1209 1696 ab
1236 1636 1294 1696 He·

128 1736 300 1814 phaestione
322 1756 349 1814 p.
375 1741 412 1799 23
443 1745 586 1800 servatum
609 1758 712 1816 graeca
739 1759 797 1800 non
819 1740 979 1818 supersint,
1004 1739 1127 1817 petenda
1149 1744 1216 1798 sunt
1237 1738 1294 1798 Ηο-

130 1839 201 1898 ratii
223 1858 257 1913 er
278 1859 324 1917 ep.
352 1843 388 1901 12
411 1848 496 1920 atque
519 1862 554 1903 ex
575 1861 662 1903 carm.
685 1842 707 1917 Ι,
731 1845 747 1900 7
772 1850 800 1903 et
822 1845 872 1908 28.

217 1958 271 2018 His
298 1959 441 2037 strophis,
476 1964 580 2040 quihus
608 1962 718 2023 metrici
747 1968 815 2040 post
836 1962 981 2040 proprium
1003 1979 1109 2022 nomen
1129 1960 1295 2022 indiderunt

131 2059 314 2122 archilochiis
337 2060 417 2137 (liar.
441 2058 512 2124 vict'.
535 2084 563 2142 p.
589 2061 675 2142 165),
699 2065 825 2142 proxime
847 2064 987 2124 accedunt
1008 2063 1234 2141 pythiambieae,
1264 2060 1296 2124 in

133 2162 240 2239 quibus
261 2163 457 2226 hexametrum
480 2168 626 2245 pythicum
648 2167 763 2227 iambici
785 2171 945 2244 sequuntur
972 2167 1087 2226 ordines
1108 2166 1186 2228 trim.
1209 2167 1293 2227 catal.

134 2268 164 2324 et
186 2265 254 2326 dim.
271 2275 342 2329 acat.
353 2268 463 2329 Prioris
485 2269 643 2348 exemplum
666 2269 788 2329 habetur
803 2268 882 2346 apud
896 2268 995 2330 Horat.
1010 2268 1182 2329 imitatorem
1196 2267 1295 2333 Archi·

135 2364 212 2428 lochi
232 2369 262 2428 in
285 2388 329 2451 ep.
356 2376 407 2432 14:
442 2400 445 2409 ·

221 2488 267 2550 ΠΙ.
290 2490 389 2551 Altera
409 2492 466 2552 iam
487 2493 590 2552 teritur
611 2490 692 2552 bellis
714 2490 845 2551 civilibus
871 2495 953 2550 aetas

334 2591 406 2655 'Suis
428 2599 456 2655 et
476 2596 539 2672 ipsa
559 2594 651 2655 Roma
672 2594 781 2653 viribus
803 2595 870 2668 mit,

136 2695 302 2773 posterioris
323 2697 399 2775 apud
420 2698 516 2775 ipsum
539 2695 743 2758 Archilochum
765 2697 796 2756 in
817 2696 852 2756 fr.
877 2699 931 2757 84:

219 2812 265 2876 IV.
290 2822 297 2876 Ζ
315 2863 321 2876 .
339 2862 345 2875 .
363 2861 371 2877 .
387 2861 395 2878 .
412 2813 559 2888 Δύοτηνος
582 2818 719 2903 ἔγκειμαι
740 2811 826 2893 πόθῳ

291 2909 433 3004 Ἀψυχος,
456 2920 603 3005 χαλεπῇσι
625 2915 703 2978 θεῶν
725 2905 860 2998 ὀδύνῃσιν
882 2910 966 2984 ἕκητι

400 3014 602 3106 ,Πεπαρμένος
625 3008 662 3081 δι’
684 3017 804 3082 ὀστέων.

138 3138 245 3200 Iniuria
270 3141 357 3218 igitur
384 3142 543 3204 Diomeden
570 3162 598 3220 p.
622 3144 681 3203 523
706 3141 740 3203 G.
770 3142 845 3202 hanc
873 3140 1067 3201 inventionem
1090 3138 1209 3198 Horatio
1240 3137 1299 3217 (ep.

143 3247 181 3302 14
204 3248 232 3304 et
255 3241 305 3320 15)
327 3246 461 3306 tribuisse
483 3250 613 3355 apparet.
652 3230 654 3236 ⁵

224 3363 351 3424 Tertium
373 3366 555 3443 stropharum
577 3384 630 3444 par
652 3365 785 3443 princeps
806 3360 893 3422 eflicit
915 3380 1014 3422 versus
1036 3361 1113 3420 trim.
1131 3359 1219 3421 iamh.
1234 3378 1299 3419 eum

140 3463 209 3525 dim.
238 3466 324 3527 iamb.
353 3473 427 3529 acat.
454 3469 499 3528 vel
526 3468 670 3546 penthem.
698 3467 773 3526 dact.
801 3465 987 3526 consociatus.
1052 3462 1182 3538 Utraque
1208 3462 1301 3522 forma

140 3567 217 3645 apud
240 3569 444 3630 Archilochum
465 3571 580 3648 saepius
601 3570 744 3630 invenitur
766 3567 842 3628 velut
862 3569 893 3627 in
913 3566 948 3626 ir.
973 3568 1012 3627 94
1035 3572 1064 3626 et
1088 3567 1159 3624 104:

226 3686 259 3748 V.
303 3681 400 3773 Πάτερ
423 3683 588 3773 Αυκάμβα,
610 3697 694 3749 ποῖον
717 3684 834 3771 ἑφράσω
856 3671 943 3764 τόδε;

343 3783 395 3861 Τίς
417 3785 471 3862 ool<
492 3787 630 3876 παρνζειρε
652 3787 770 3877 φρένας
791 3796 821 3850 et

227 3910 272 3973 VI.
303 3900 383 3970 Εὖτε
404 3906 475 3994 πρὸς
495 3905 594 3970 ἄεθλα
616 3896 710 3993 δῆμος
730 3897 897 3994 ἠθροίζετο,
964 3869 967 3877 ¹

344 4006 394 4072 Ἐν
417 4000 451 4073 δὲ
472 3998 686 4083 Βατοοσιάδης.

171 4186 176 4193 .
227 4133 309 4196 Adde
331 4135 466 4213 strophas
486 4135 580 4196 tribus
601 4153 635 4195 ex
656 4132 785 4213 partibus
814 4131 967 4193 confectas.
1010 4128 1183 4190 Trimetrum
1202 4126 1299 4188 iambi·

140 4256 207 4298 cum
236 4239 394 4316 suscipiunt
415 4238 558 4316 penthem.
574 4237 646 4314 eleg.
664 4240 693 4295 et
714 4235 782 4295 dim.
799 4235 887 4295 lamb.
910 4237 993 4309 acet,
1015 4249 1087 4310 quos
1110 4247 1167 4290 una
1187 4229 1302 4289 ordines

139 4344 253 4405 metrici
275 4341 420 4419 appellant
446 4340 650 4415 elegiembum‚
682 4330 724 4399 ite
748 4347 781 4398 ut
808 4337 912 4398 existat
933 4335 1051 4412 stropha
1080 4335 1111 4395 in
1133 4351 1180 4409 ep.
1205 4336 1238 4391 ll
1265 4331 1302 4392 ab

139 4447 261 4509 Horatio
283 4450 434 4522 usurpata:
626 4443 628 4448 '
