2864 5002
612 326 810 414 wilm-.-

128 532 160 586 et
181 527 258 605 a'pud
281 526 427 586 Aristiden
454 523 552 600 Quint.
574 546 601 603 p.
620 529 657 586 56
681 526 748 586 edit.
767 520 942 606 Meibom.*):
982 521 1031 585 Ta
1060 522 1113 611 μέν
1142 517 1192 586 οὖν
1214 528 1297 588 ἁπλᾶ

128 621 227 710 μέτρα
260 623 310 685 καὶ
342 621 525 709 πρωτότυπα
557 621 655 685 ταῦτά
677 625 775 685 ’ἐστιν
818 621 935 686 Γίνεται
966 613 999 687 δὲ
1029 625 1062 687 ἐκ
1090 625 1207 688 τούτων
1236 636 1296 689 τῶν

128 726 231 787 αὐτῶν
248 723 299 812 μὲν
317 715 590 809 διπλασιαζομένων
606 725 720 812 μέτρων
744 725 887 788 σύνθετα·
911 736 971 787 τῶν
995 717 1020 789 δΙ
1044 728 1190 814 ἀνομοίων
1213 730 1297 791 ἀσυν-

127 825 258 915 άρτητα,
281 825 395 889 τούτων
419 818 453 890 δέ
681 820 684 826 ’

179 992 183 997 ,
233 927 299 1014 (Ι)
322 928 361 991 τοὶ
384 926 436 1015 μὲν
460 930 493 991 ἐκ
517 918 597 991 δυοῖν
619 933 649 992 ἒν
672 933 816 993 ἀποτελεῖ
836 933 945 1010 κῶλον,

210 1034 297 1110 ι(Π)
321 1030 360 1093 τοὶ
383 1020 417 1092 δὲ
440 1032 474 1092 ἐκ
494 1031 604 1119 μέτρου
627 1033 677 1094 καὶ
697 1041 792 1120 τομῆς
815 1029 978 1124 [ῆμέτρου
1001 1033 1052 1094 καὶ
1073 1042 1185 1120 τομῶν,

235 1137 300 1212 (Ν)
323 1131 343 1204 fi
365 1133 399 1195 ἐκ
420 1142 524 1195 πασῶν
545 1130 670 1221 τομῶν,]

162 1322 166 1331 Ι
234 1234 295 1321 (ΠΙ)
319 1232 337 1305 ἢ
360 1233 507 1297 ἀνάπαλιν
529 1245 623 1323 τομῆς
645 1237 698 1298 καὶ
721 1235 829 1322 μέτρου
847 1288 852 1300 .
871 1286 877 1299 .
895 1284 902 1298 .
919 1236 969 1296 καὶ
992 1234 1115 1324 μέτρων.

130 1343 293 1418 Utrumque
314 1341 407 1400 locum
426 1340 515 1401 'facile
537 1348 657 1420 apparet
679 1361 713 1401 ex
734 1360 792 1400 uno
813 1340 892 1400 fonte
913 1343 1045 1402 haustum
1069 1362 1131 1402 esse
1163 1339 1296 1421 (Hensius

129 1446 162 1504 in
193 1450 302 1522 quaest.
327 1442 383 1509 hel.
407 1461 435 1520 p.
456 1443 513 1503 128
536 1442 682 1503 Heliodori
705 1462 767 1503 eam
789 1444 948 1503 doctrinam
970 1438 1070 1528 dicit),
1093 1445 1143 1504 sed
1167 1445 1206 1504 ita
1228 1445 1296 1504 hau·

131 1553 219 1621 stum,
242 1550 275 1605 ut
290 1543 454 1605 Victorinus
476 1545 589 1621 singula
612 1552 786 1624 perverteret
807 1552 835 1606 et
857 1549 1016 1623 omitteret,
1039 1547 1181 1607 Aristides
1196 1556 1298 1608 autem

130 1646 339 1723 technographi
360 1646 447 1705 verba
468 1652 667 1724 transponeret
694 1655 779 1724 atque
802 1649 888 1707 etiam
912 1649 1038 1709 insalsa
1065 1630 1200 1709 mutaret:
1235 1649 1297 1709 rec·

131 1752 190 1810 tius
212 1749 302 1824 enim,
338 1749 364 1807 si
386 1748 517 1808 audimus
547 1749 641 1826 Heph.
665 1769 691 1826 p.
717 1752 755 1811 64
778 1729 915 1826 elalius,
950 1751 1056 1833 μέτρον
1079 1751 1182 1811 dicitur
1204 1756 1296 1812 totum

131 1854 232 1910 versfis
262 1868 379 1926 corpus,
413 1849 511 1908 κῶλον
544 1870 644 1910 versus
671 1852 831 1912 membrum
862 1849 1089 1926 ἀαατοὶληκτον,
1122 1848 1202 1936 τομή
1237 1856 1297 1914 sive

130 1950 236 2037 κόμμα
268 1952 426 2012 membrum
465 1949 697 2020 ααταληατιαόν.
761 1954 929 2026 Primariam
968 1955 1092 2014 auctoris
1125 1956 1296 2033 scripturam

119 2053 326 2132 ‘Westphalius
347 2055 388 2114 ita
410 2055 570 2116 restituisse
592 2056 647 2116 sibi
669 2056 797 2131 videtur,
828 2065 859 2116 ut
880 2058 910 2116 in
937 2057 994 2116 fine
1016 2056 1072 2116 loci
1092 2057 1228 2117 Aristidis
1250 2077 1298 2119 ac·

130 2159 241 2235 ciperet
271 2157 499 2218 emendationem
521 2157 668 2218 Meibomii
701 2159 740 2236 (v.
764 2159 860 2219 adnot.
884 2178 912 2236 p.
937 2151 1013 2237 280)
1035 2151 1054 2223 ῆ
1079 2151 1227 2218 ἀνάπαλιν
1249 2180 1297 2219 το-

133 2265 191 2344 μῆς
214 2257 265 2318 καὶ
288 2255 398 2343 μέτρου
420 2253 579 2342 ῆτομῶν
602 2258 652 2319 καὶ
668 2256 784 2344 μέτρων
807 2268 835 2320 et
855 2261 944 2321 verba
966 2267 1166 2338 transponeret
1187 2263 1223 2323 ad
1247 2284 1298 2323 uu-

131 2381 228 2422 meros
262 2381 348 2440 supra
376 2381 393 2421 a
420 2382 467 2422 me
497 2363 668 2440 adscriptos.
713 2363 853 2440 Equidem
882 2365 972 2424 satius
1001 2364 1073 2423 duco
1097 2365 1183 2425 verba
1211 2368 1297 2443 supra

132 2465 214 2525 uncis
240 2466 456 2543 circumscripta
471 2467 502 2524 in
524 2467 581 2525 fine
601 2464 739 2525 collocare
756 2465 909 2544 locumque
933 2469 1106 2527 constituere
1124 2468 1179 2527 hoc
1194 2468 1293 2528 modo:

188 2563 271 2627 1.·τά
294 2561 347 2651 μέν
370 2565 404 2625 ἐν.
427 2554 508 2626 δυοῖν
530 2564 636 2626 κώλων
660 2567 690 2626 ἓν
714 2567 857 2627 ἀποτελεῖ
878 2564 995 2653 μέτρον,

173 2671 207 2732 Π.
230 2667 272 2730 τοὶ
301 2656 334 2729 δὲ
486 2668 513 2748 a)
539 2667 572 2730 ἑκ
594 2667 693 2729 κώλου
717 2668 767 2729 καὶ
788 2677 892 2755 τομῆς,

486 2770 515 2852 1))
538 2765 557 2840 ἢ
580 2768 726 2833 ἀνάπαλιν
749 2771 783 2832 ἐκ
805 2780 899 2856 τομῆς
915 2770 966 2831 καὶ
983 2770 1092 2848 κώλου,

486 2871 514 2956 ο)
537 2869 556 2942 ἢ
579 2875 678 2934 κώλου
701 2873 751 2934 καὶ
774 2881 875 2959 τομῶν
898 2869 918 2943 ul
941 2873 974 2935 ἐκ
996 2881 1099 2935 πασῶν
1121 2883 1232 2960 τομῶν.
1325 2923 1329 2932 .

129 2979 228 3039 Verba
248 2979 312 3053 illa,
348 2975 421 3058 quae
444 2980 586 3040 Meibomii
610 2985 762 3039 moverunt
789 2981 996 3053 coniecturam,
1030 2977 1080 3038 καὶ
1106 2975 1221 3062 μέτρων
1248 2985 1297 3041 aut

131 3084 230 3161 spuria
253 3082 385 3142 videntur
411 3101 473 3143 esse
501 3089 532 3142 ut
552 3103 604 3160 per
626 3101 750 3143 errorem
779 3083 885 3142 addita*
899 3087 963 3157 aut,
991 3083 1016 3141 si
1038 3081 1114 3141 facili
1137 3083 1296 3143 mutatione

130 3187 227 3263 legere
259 3187 350 3245 mavis
377 3179 469 3251 ῆααὶ
493 3181 606 3271 μέτρων
629 3181 694 3267 (int.
718 3184 850 3263 κώλων),
884 3204 983 3263 parum
1016 3185 1179 3245 necessaria
1199 3190 1299 3264 utpote

131 3289 237 3366 frigido
264 3294 374 3365 tantum
397 3296 426 3349 et
440 3277 600 3368 αακοζῆλῳ
624 3289 804 3366 disiungendi
829 3287 924 3347 studio
946 3287 981 3346 ad
996 3287 1196 3365 praecedentia
1211 3289 1297 3348 verba

131 3389 184 3450 καὶ
206 3390 306 3451 κώλου
328 3392 431 3470 plurali
455 3412 572 3452 numero
596 3393 701 3479 addita.
747 3390 813 3452 Sive
834 3391 889 3451 hoc
911 3391 970 3450 sive
992 3389 1062 3449 illud
1086 3391 1204 3466 statum,
1231 3397 1296 3469 apte

130 3494 212 3554 vides
233 3495 357 3556 discerni
379 3490 609 3575 asynartetoruni
637 3492 732 3573 (aliter
753 3495 829 3553 enim
858 3492 929 3554 illud
951 3488 1066 3551 τούτων
1088 3491 1215 3572 intellegi
1238 3512 1295 3554 non

130 3592 238 3677 potest)
346 3598 366 3659 Ι.
390 3594 535 3682 τὰμὲν.
561 3642 566 3655 .
592 3643 600 3659 .
623 3645 629 3658 .
654 3592 864 3670 sumat-aea,
1294 3598 1299 3609 '

333 3701 366 3760 11.
389 3697 429 3760 τοὶ
452 3687 485 3760 δὲ
529 3746 537 3762 .
560 3747 568 3762 .
592 3746 598 3760 .
624 3747 631 3761 .
654 3696 685 3778 a)
707 3692 929 3770 ααταληατικά,

658 3801 690 3876 b)
713 3794 960 3883 προαατάληκτα,

659 3904 687 3980 c)
711 3891 921 3970 διαατάληκτα
936 3907 994 3979 aut,
1010 3902 1036 3963 si
1050 3903 1104 3963 bac
1115 3920 1189 3962 nova
1204 3901 1296 3962 forma

453 4011 496 4070 uti
517 4011 587 4070 mihi
610 4004 687 4087 licet,
711 4001 978 4072 πολυκατάληκτα.

217 4175 242 4236 *)
260 4174 392 4228 Christius
410 4191 435 4242 p.
453 4175 504 4229 572
522 4174 592 4227 hanc
608 4172 702 4225 laudat
719 4170 899 4226 definitionem
916 4169 1036 4237 praecise
1054 4170 1200 4223 confectam
1218 4168 1295 4235 quasi

128 4261 165 4315 sit
182 4259 290 4327 optima.
319 4259 392 4314 Idem
411 4265 441 4312 ut
461 4259 550 4313 statim
568 4261 619 4313 hoc
632 4258 734 4325 addam,
753 4271 845 4310 versus
866 4256 1016 4323 „impariter
1033 4255 1153 4309 iunctos*
1176 4254 1210 4307 ab
1228 4254 1294 4308 llor.
1333 4279 1336 4284 Δ

128 4362 152 4400 a.
165 4362 191 4414 p.
205 4346 238 4399 75
256 4344 340 4398 dictos
359 4361 418 4399 esse
430 4346 488 4398 vult
504 4353 682 4414 asynartetos‚
701 4343 747 4413 qui
765 4341 834 4395 nulli
850 4341 897 4395 alii
914 4341 979 4396 mihi
997 4341 1118 4396 ridentur
1136 4354 1196 4394 esse
1214 4355 1293 4409 quum

129 4431 286 4485 hexameter
304 4435 330 4482 et
348 4436 520 4498 pentameter.
