2864 5002
627 371 643 426 3

139 567 194 630 Sed
217 587 391 648 quamquam
420 571 489 630 33113
514 570 597 650 multi
621 571 659 648 de
681 569 852 631 Archilocho
876 571 1087 648 disseruerunt,
1120 577 1217 634 tamen

55 671 203 731 nulladum
226 678 292 750 post
301 671 459 732 Liebelium
483 673 608 750 perlecta
630 679 674 733 est
693 674 841 734 universae
863 674 924 733 eius
946 673 1015 733 artis
1037 674 1216 736 existimatio.

53 774 128 834 Nam
163 779 212 834 aut
244 773 293 834 alii
320 775 377 835 3113
402 781 597 836 tractaverunt
627 781 676 836 aut
703 776 801 836 eadem
831 777 913 836 aliter
940 776 1121 855 interpretati
1151 783 1219 838 sunt

53 891 148 956 neque
170 877 266 937 omnia
280 877 438 956 aequaliter
459 885 652 957 exposuerunt
674 879 718 938 vel
739 880 815 940 inter
837 898 867 939 33
889 879 1103 940 333133333331.
1138 878 1216 955 Quae

53 1000 119 1040 curn
148 981 189 1039 ita
210 985 320 1058 essent,
351 981 483 1059 equidem
505 982 632 1041 excussis
655 969 781 1041 veterum
811 980 893 1042 libris
924 983 1154 1060 comparatisque
1176 1001 1218 1042 re-

55 1082 214 1143 centiorum
245 1084 395 1144 sententiis
418 1083 583 1144 Archilochi
604 1084 633 1142 13
655 1102 773 1160 graecas
794 1083 904 1144 litteras
925 1086 1027 1144 merita
1054 1083 1218 1163 complexus

53 1185 95 1246 ita
121 1185 291 1246 adumbrare
307 1187 415 1264 studui,
437 1192 470 1246 ut
484 1204 582 1247 omnes
596 1193 742 1266 tamquam
757 1187 851 1248 lineae
872 1188 908 1247 ad
924 1191 1052 1248 centrum
1075 1186 1150 1264 qnod
1173 1205 1220 1247 33-
1264 1224 1269 1232 ·

57 1298 124 1348 3331
144 1288 303 1349 oculorium
324 1289 541 1367 responderent.
585 1289 653 1350 Sola
680 1291 756 1349 enim
777 1290 831 1350 hac
860 1291 970 1351 ratione
992 1289 1021 1349 id
1042 1289 1115 1350 effici
1136 1307 1220 1367 posse

61 1393 172 1470 putavi,
197 1398 230 1452 ut
250 1391 308 1452 nna
334 1393 467 1453 existeret
489 1398 518 1452 et
539 1393 575 1453 ad
591 1412 688 1453 verum
711 1411 845 1471 expressa
867 1393 983 1470 effigies,
1005 1411 1063 1471 qua
1084 1410 1136 1452 nec
1157 1390 1221 1470 plus

59 1514 143 1576 quarn
167 1514 219 1573 par
242 1500 360 1556 estnec
382 1497 476 1557 minus
499 1501 600 1575 poetae
621 1496 801 1557 tribueretur.
845 1495 941 1574 lpsam
970 1495 1031 1557 eius
1054 1495 1141 1555 vitam
1163 1513 1221 1554 non

58 1581 113 1659 luit
134 1617 185 1659 cur
208 1599 322 1676 proprie
344 1599 475 1678 pluribus
498 1619 693 1678 persequerer.
748 1600 821 1659 Nam
844 1600 952 1660 incerta
974 1597 1222 1659 et'commenticia

55 1706 240 1762 ex'veterum
263 1703 483 1763 narratiunculis
506 1709 635 1782 repetere
658 1702 730 1762 nihil
744 1703 835 1778 iuvat;
866 1722 938 1783 quae
961 1708 1055 1763 autern
1078 1704 1223 1778 comperta
1268 1695 1270 1699 ⁸

55 1804 198 1865 habemus
220 1805 366 1883 exipsius
388 1811 488 1883 poetae
510 1807 694 1880 carminibus,
717 1807 775 1884 qui¹
789 1805 867 1866 solus
888 1806 952 1892 fons
974 1811 1018 1866 est
1037 1804 1094 1864 lide
1109 1804 1221 1880 dignor,

55 1908 129 1968 haec
155 1908 361 1986 13333333313
396 1915 629 1986 argumentorum
664 1909 755 1969 obiter
782 1908 967 1970 memoranda
994 1909 1066 1968 mihi
1097 1907 1222 1967 fuerunt.

56 2009 198 2071 Similiter
230 2010 286 2071 3113
315 2030 422 2089 33333,
456 2032 529 2090 quae
560 2012 597 2071 31
624 2012 712 2071 vitam
741 2010 933 2072 Liebelianam
968 2010 1003 2070 de
1026 2029 1090 2070 meo
1119 2009 1223 2069 addere

55 2114 148 2174 habui
163 2113 241 2174 velut
262 2114 298 2174 de
313 2112 478 2174 Archilochi
501 2115 603 2174 studiis
618 2115 776 2193 priscorum
792 2119 950 2191 poetarum,
974 2112 1223 2190 originationibus,

55 2213 185 2296 hymnis,
207 2216 311 2277 fabulis
333 2217 455 2296 aliisque
478 2218 562 2277 rebus
585 2218 682 2292 novis,
709 2237 762 2277 suo
785 2236 871 2296 quam
893 2216 1059 2277 brevissime
1081 2215 1143 2275 1333
1167 2214 1224 2275 dis·

57 2320 200 2396 putationi
222 2320 329 2380 intexui
352 2321 498 2380 33133113
528 2320 635 2380 3111113
658 2320 799 2380 subiunxi.
837 2320 970 2382 Ceterum
990 2337 1048 2379 non
1070 2323 1128 2378 tarn
1150 2336 1225 2397 nova

56 2441 191 2501 promere
220 2442 315 2483 meum
338 2427 400 2483 erat
421 2441 507 2501 quam
531 2441 579 2496 ea,
602 2441 675 2500 quae
697 2423 789 2483 311333
802 2422 922 2500 Ι3331313
943 2426 1027 2496 sunt,
1050 2422 1224 2501 perpendere

56 2531 88 2585 et
110 2531 259 2586 conectere
288 2529 316 2585 31
337 2525 490 2586 illustrare.
534 2525 613 2587 Haec
639 2526 785 2603 praefatus
808 2525 844 2586 ad
872 2527 965 2604 ipsam
994 2525 1051 2584 iam
1075 2525 1225 2585 adumbra-

58 2629 167 2688 tionem
191 2646 283 2688 meam
307 2628 422 2689 accedo.
1318 2610 1321 2616 ⁵

145 2833 229 2907 Initia
260 2853 426 2911 graecarum
455 2832 613 2893 litterarum
641 2834 666 2893 si
692 2833 861 2912 repetimus,
895 2832 1029 2911 quoniam
1052 2831 1088 2892 13
1111 2831 1225 2909 Orpheo

59 2936 178 2997 Musaeo
201 2936 329 3014 Pampho
352 2935 495 3014 aliisque,
520 2936 569 3014 qui
591 2936 651 2995 3133
673 2937 703 2995 13
725 2936 818 2996 Ρ13313
841 2937 901 2996 3133
923 2936 954 2995 13
977 2934 1092 2995 Boeotia
1114 2954 1226 2995 sacram

60 3040 205 3120 quandam
227 3039 349 3100 coluisse
370 3039 504 3099 dicuntur
526 3045 627 3115 artem,
652 3039 697 3098 vix
718 3038 832 3098 13113113
856 3037 955 3116 333313
977 3055 1010 3098 33
1024 3037 1155 3114 vestigiis
1177 3038 1225 3098 do·

61 3136 213 3223 cemur*),
236 3143 409 3203 homericam
437 3144 529 3237 primo
552 3142 652 3220 poesin
674 3140 929 3201 animadvertimus
950 3140 1107 3200 laetissime
1129 3140 1225 3218 vigen-

60 3253 119 3307 tem
142 3252 171 3306 et
192 3247 352 3306 diutissime
375 3246 534 3306 florentem.
579 3244 682 3304 Finitis
705 3245 781 3304 enim
803 3244 838 3304 iis
862 3242 997 3321 periculis
1020 3249 1048 3304 et
1070 3243 1225 3319 laboribus,

61 3350 167 3429 quibus
190 3347 294 3410 Graeci
326 3348 456 3428 plerique
484 3366 584 3408 omnes
619 3367 653 3407 ex
679 3348 772 3426 patria
799 3346 912 3425 depulsi
943 3352 972 3406 et
998 3347 1048 3407 diu
1076 3347 1176 3424 agitati
1198 3351 1228 3408 et

62 3471 153 3512 33333
175 3451 257 3511 33133
280 3469 422 3529 33333333
451 3451 541 3511 333311
563 3455 661 3525 erant,
688 3450 836 3510 hominum
859 3449 947 3508 animi
969 3449 999 3508 in
1021 3448 1078 3510 illis
1100 3450 1227 3528 acquies-

62 3556 168 3616 cebant
189 3559 218 3614 at
239 3554 436 3631 gloriabantur
458 3553 644 3627 carminibus,
666 3552 696 3611 iu
719 3552 824 3630 quibus
850 3552 993 3630 specimen
1018 3553 1111 3613 inerat
1131 3572 1227 3613 rerum

62 3677 80 3719 3
103 3657 281 3736 principibus
303 3657 441 3735 cuiusque
470 3658 564 3734 gentis
587 3656 743 3735 patriorum
766 3656 884 3715 deorum
912 3655 1016 3716 auxilio
1038 3656 1112 3716 bene
1134 3660 1228 3732 gesta·

61 3780 135 3821 rum.
168 3757 306 3821 Carmina
328 3759 373 3820 331
395 3760 432 3820 ab
454 3760 524 3838 ipsis
547 3759 638 3837 poetis
660 3758 759 3818 fidium
782 3762 867 3818 cantu
890 3763 1026 3819 exornata
1047 3757 1124 3819 3313
1144 3758 1227 3836 rhap
1277 3771 1278 3776 ’

61 3863 141 3924 33113
162 3868 228 3941 3331
249 3881 317 3924 3333
340 3882 409 3924 3333
432 3864 619 3939 pronunciata
642 3862 794 3922 multorom
824 3861 959 3939 deinceps
980 3879 1117 3939 generum
1138 3864 1228 3926 homi-

62 3984 114 4027 333
142 3967 272 4044 33313333
300 3966 449 4040 solebant,
482 3966 523 4026 ita
549 3964 766 4045 ut,landabiles
793 3984 838 4025 res
870 3965 1011 4026 maiorum
1037 3968 1150 4046 3331133
1183 3952 1252 4027 cos

61 4073 236 4145 gnoseerent
256 4073 285 4129 et
307 4088 363 4148 quo
379 4068 494 4147 saepius
509 4068 674 4143 audiebant,
698 4087 731 4128 eo
753 4068 949 4129 vehementius
968 4068 1145 4129 adamarent.
1181 4064 1228 4129 Sic

148 4319 175 4383 1)
193 4319 286 4387 Nuper
304 4319 346 4373 Al.
359 4318 466 4372 Rieeius
484 4318 513 4371 13
530 4334 590 4373 nov.
609 4317 779 4386 3333131311.
799 4323 826 4371 et
837 4317 913 4386 3331
936 4319 1037 4385 1877,4
1055 4334 1080 4385 3.
1094 4317 1230 4372 ato-240

62 4405 97 4459 de
115 4404 222 4474 Orpheo
239 4404 418 4471 mythioisque
435 4404 584 4459 Thracibus
606 4404 746 4472 disputans
768 4409 861 4472 poetas
879 4404 997 4458 Thraces
1019 4403 1102 4457 tuisse
1119 4415 1229 4471 prorsus

63 4491 180 4559 negavit.

998 4574 1028 4626 1*
1087 4572 1092 4585 '
