2864 5002
607 259 808 348 „tt-

134 459 198 536 Qua
219 461 330 520 ratione
352 464 486 538 quattuor
513 459 676 518 efficiuntur
702 477 834 516 versuum
863 476 982 534 genera,
1011 476 1084 536 quae
1110 457 1296 535 aliquatenus

129 568 290 639 congruunt
317 580 380 621 cum
409 561 459 634 iis,
486 551 567 638 'quae
590 558 653 618 aliis
683 559 753 618 locis
774 559 907 635 leguntur
930 565 959 619 et
976 579 1005 619 a
1026 558 1207 638 Westphalio
1231 578 1296 620 eon-

129 669 228 741 gestae
249 663 435 742 explicantur.
466 659 627 740 Sequemur
648 665 735 740 igitur
758 663 849 722 denuo
872 664 926 722 viri
949 661 1139 721 sollertissimi
1163 662 1296 738 vestigia.

216 768 257 825 Ac
280 767 403 843 primum
428 764 542 844 quidem
566 764 613 824 ille
635 785 662 842 p.
685 769 750 825 100·
766 784 798 824 ca
821 771 920 839 nretra,
944 784 1016 843 quae
1039 767 1174 825 tractavit
1197 766 1298 843 Heph.

130 887 192 946 cap.
216 852 364 928 v-xlss':
388 867 558 942 iambicum,
581 867 767 943 trochaicum,
790 867 905 946 dactyi.,
928 885 1033 944 anap,
1056 866 1225 944 choriamb.,
1249 887 1300 928 an·

129 972 259 1048 tispast.,
286 969 345 1029 ion.
369 970 491 1043 amai,
521 969 576 1027 ion.
600 988 626 1029 a.
652 971 737 1042 min,
758 989 877 1048 paeon,
908 975 958 1029 aut
980 954 1121 1052 μονοειδῆ
1142 969 1223 1031 dicit.
1236 989 1302 1030 esse

129 1090 215 1150 posse
237 1076 287 1130 aut
309 1055 462 1155 ὁμοιοειδῆ
484 1075 534 1129 aut
556 1067 716 1149 άντιπαθῆ,
739 1072 768 1131 id
792 1072 869 1150 quod
891 1077 1026 1150 sequatur
1047 1092 1081 1132 ex
1104 1072 1184 1132 hisce
1201 1073 1302 1132 verbis

130 1172 229 1234 multis
251 1172 364 1233 illorum
388 1173 512 1252 capitum
530 1173 709 1250 praemissis:
734 1168 903 1232 συντίθεται
918 1168 973 1258 μὲν
996 1170 1044 1230 καὶ
1067 1167 1211 1258 καθαρόν,
1233 1195 1303 1234 συν-

131 1270 248 1333 τίθεται
272 1259 305 1332 δὲ
328 1272 378 1333 καὶ
402 1271 555 1360 ἐπίμικτον
577 1271 646 1357 πρὸς
668 1272 721 1347 τοὶς
745 1271 884 1360 ἰαμβικάς
904 1275 948 1336 vel
970 1270 1040 1358 πρὸς
1062 1270 1115 1344 τάς
1137 1275 1305 1362 τροχαικάς

132 1367 205 1457 (εείίζ
227 1361 373 1446 ’διποδίας
395 1378 454 1437 sive
483 1365 621 1462 συζυγίας
653 1378 713 1439 sive
746 1373 859 1456 βάσεις)
887 1383 916 1437 εί
943 1396 976 1437 ex
1003 1397 1027 1438 c.
1051 1376 1120 1439 XIV
1139 1377 1216 1461 περὶ
1240 1385 1305 1438 τῶν

132 1472 199 1537 κατ’
222 1474 416 1557 ᾀντιπάδειαν
447 1467 561 1562 μίξεων.
607 1479 666 1540 Hac
688 1482 718 1539 in
746 1480 989 1540 demonstratione
1011 1480 1040 1540 id
1067 1500 1154 1540 nnurn
1181 1499 1306 1540 monen-

132 1581 199 1641 dum
230 1585 288 1656 est,
322 1581 397 1660 quod
426 1579 567 1666 ἐπίμικτα
597 1588 779 1654 statuuntur,
794 1583 831 1644 ab
865 1583 1075 1662 Hephaestione
1104 1602 1128 1644 c.
1153 1582 1306 1642 IX-XII

133 1689 227 1744 metra
241 1684 411 1760 choriamb.,
434 1679 599 1761 antispast.,'
618 1686 674 1746 duo
696 1687 769 1746 ion:
793 1684 897 1764 dactyl.
920 1690 949 1745 et
964 1691 1112 1764 anapaeet.
1133 1703 1192 1746 non
1215 1687 1304 1761 item3

133 1787 205 1847 haec
226 1787 301 1847 enim
326 1806 389 1847 cum
413 1787 564 1847 trochaicis
586 1793 615 1848 et
642 1787 773 1848 iambicis
801 1789 964 1848 consociata
992 1789 1179 1849 nominantur
1209 1787 1306 1873 λογα-

135 1876 237 1948 οιδιαά
262 1907 292 1967 p.
317 1890 355 1948 25
380 1895 409 1948 et
431 1889 469 1948 29
493 1889 537 1978 vei
562 1886 714 1964 αἰολικά*)
736 1909 765 1968 p.
790 1891 844 1964 24,
879 1890 919 1950 ita
946 1897 979 1967 ut
1011 1886 1152 1972 ἑπίμιιιτα
1187 1909 1306 1968 semper

134 1997 265 2053 constent
292 2010 327 2051 ex
354 1990 476 2068 dipodiis
499 1978 667 2076 ἑξασιίμοις.
713 1993 847 2054 Ceterum
875 1999 952 2055 recte
974 1991 1168 2071 Westphalius
1199 1993 1304 2054 eadem

134 2114 271 2155 versuum
293 2106 398 2171 genera
420 2096 449 2153 in
472 2095 644 2174 asynartetis
666 2096 841 2174 distinguere
864 2096 968 2156 studet.

220 2198 258 2259 Et
279 2183 421 2281 μονοειδῆ
442 2215 615 2276 quamquam
635 2198 777 2277 Heph..p.
796 2200 834 2259 43
858 2218 921 2259 cum
946 2198 1034 2260 schol.
1058 2218 1085 2276 p.
1111 2198 1171 2257 200
1195 2199 1237 2257 sic
1253 2217 1304 2276 ap-

134 2300 240 2379 pellata
263 2301 346 2361 docet
368 2305 460 2360 metra
483 2295 704 2382 (συναρτητικά)
734 2303 772 2372 ὼς
794 2297 863 2380 πρὸς
879 2289 1108 2366 άντιδιαστολῆν
1130 2305 1190 2358 τῶν
1215 2297 1302 2358 ἀσυν-

134 2401 288 2489 αρτῆτων·
324 2400 421 2461 ἐκεῖνα
448 2400 504 2489 γάρ
535 2399 591 2482 (=
612 2397 669 2484 as.)
699 2401 733 2462 ἐκ
769 2388 821 2461 δύο
862 2392 949 2463 εἰδῶν
981 2402 1175 2488 συνέστηκεν,
1204 2408 1305 2464 tamen

134 2512 299 2588 asynarteta
321 2506 475 2566 statuenda
497 2512 572 2582 eunt,
596 2508 729 2585 quoniam
753 2527 770 2568 a
793 2507 881 2568 schol.
905 2507 1131 2594 Heph.p.1201
1159 2493 1304 2587 μονοειδῆ

136 2615 330 2672 memorantur
353 2599 413 2668 οἷον
436 2606 471 2669 cd
495 2606 677 2695 ἐλεγειακάν.
721 2611 794 2671 Tum
817 2601 915 2671 eodem
944 2609 1053 2670 scholio
1083 2611 1169 2669 etiam
1201 2610 1303 2692 ὁμοιο-

136 2701 202 2781 ειδῆ
224 2713 406 2792 proferuntur
429 2709 629 2797 ἀσυνάρτητα,
654 2704 715 2773 οἷον
739 2710 811 2773 ὅταν
834 2709 874 2771 τά
896 2710 1021 2798 ίαμβικοὶ
1044 2711 1085 2796 μη
1105 2707 1207 2771 τέλεια
1230 2709 1303 2773 ὄντα

135 2813 335 2902 χοριαμβικοῖς
360 2809 380 2882 ἢ
408 2812 645 2886 ἀντισπαστικοῒς
673 2812 862 2902 έπιρέρηται,
897 2811 915 2884 ἢ
944 2813 1090 2900 τροχαικοὶ
1118 2811 1304 2895 ἰωνικοῖς,ῆ

138 2906 278 2996 ἐναλλάξ,
302 2920 379 2998 quod
403 2907 531 2990 ἐναλλάξ
553 2921 592 2980 ita
615 2920 813 2998 explicandum
837 2921 958 2997 videtur,
982 2927 1013 2980 ut
1036 2916 1160 3003 ἰαμβικσὶ
1191 2916 1232 3003 μῆ
1256 2916 1303 2979 τέ-

137 3021 204 3081 λεια
232 3018 305 3080 ὄντα
332 3024 503 3084 antecedant
529 3017 710 3107 χοριαμβικά
737 3029 766 3083 et
793 3030 846 3084 cet.
890 3024 1020 3102 Denique
1052 3019 1098 3082 άσ.
1129 3019 1305 3082 evacuatos

140 3126 197 3186 duo
220 3131 384 3187 statuuntur
398 3144 520 3203 genera:
545 3131 595 3186 aut
616 3121 696 3184 κατά
718 3123 772 3194 τῆν
794 3123 914 3210 πρώτην
937 3122 1146 3200 άντιπάθειαν,
1169 3133 1305 3205 quaeest

141 3231 160 3297 ῆ
184 3227 298 3288 ἐκτῶν
323 3213 509 3307 δισυλλάβων
532 3233 592 3285 τῶν
615 3224 753 3288 ἐναντίων
776 3224 909 3300 σύνθεσις
930 3225 1000 3313 πρὸς
1023 3225 1092 3298 τοὺς
1108 3213 1305 3307 δισυλλάβους

138 3324 214 3398 itta
247 3327 461 3414 τρισυλλάβων,
484 3323 566 3389 τοῦτ’
590 3332 651 3403 ἔστι
685 3337 745 3389 τῶν
779 3331 901 3407 ἁπλῶν,
936 3329 1008 3391 ὅταν
1044 3321 1076 3401 ἐξ
1109 3336 1305 3415 άντιστρορῆς

141 3421 437 3518 παραλαμβάνονται
466 3431 528 3511 (cfr.
552 3432 642 3494 schol.
666 3433 759 3512 Heph.
784 3455 810 3512 p.
837 3438 897 3498 208
920 3441 949 3495 et
971 3431 1054 3511 209),
1077 3440 1126 3494 aut
1148 3429 1229 3492 κατὰ
1251 3431 1305 3501 τῆν

141 3525 280 3622 δευτέραν
314 3532 523 3610 άντιπάίλειαν,
557 3555 630 3614 quae
663 3547 707 3597 cst
739 3538 758 3605 ῆ
782 3535 811 3596 ἐν
842 3545 903 3608 τοῖς
926 3532 1077 3605 συνθέτοις
1100 3539 1118 3596 i.
1142 3557 1166 3598 e.
1190 3536 1305 3607 ἐντοῖς

139 3636 391 3724 τετρασυλλάβοις
415 3636 589 3712 ἐναντίωσις,
612 3645 644 3699 ut
666 3640 749 3701 docet
771 3640 860 3700 schol.
884 3641 977 3718 Heph.
1001 3661 1029 3719 p.
1054 3642 1124 3701 208.

225 3744 278 3803 His
310 3743 401 3804 tribus
436 3746 662 3821 asynartetorum
697 3743 850 3818 generibus
886 3749 1017 3822 quartum
1054 3744 1139 3804 etiam
1178 3743 1304 3818 additur,

143 3847 218 3924 quod
242 3849 271 3906 in
294 3845 409 3906 conexis
431 3847 529 3905 metris
551 3863 608 3904 non
631 3845 784 3919 invenitur,
807 3865 897 3922 genus
920 3851 980 3904 τῶν
1002 3842 1209 3905 ἐπισυνθέτων
1240 3847 1305 3925 Epi-

145 3950 309 4028 synth'etum
332 3958 426 4008 autem
450 3949 540 4009 schol.
564 3946 655 4026 Heph.
680 3949 739 4008 ‘206
770 3948 892 4027 explicat
914 3945 948 4006 cd
973 3944 1006 4007 έα
1036 3935 1182 4032 διαρόρων
1204 3939 1305 4007 ποδῶν

225 4200 250 4267 *ν
269 4199 332 4252 Alia
348 4213 441 4251 rursus
459 4198 562 4251 ratione
580 4197 652 4266 apud
669 4198 755 4266 Heph.
774 4215 794 4252 ο,
814 4199 849 4251 Χ[
867 4214 893 4266 p.
911 4199 944 4253 37
962 4199 995 4252 de
1019 4205 1121 4252 tetram.
1140 4199 1192 4252 ion.
1213 4214 1229 4251 a
1247 4199 1305 4252 mai.

141 4285 235 4340 acatal.
259 4284 368 4352 legitur:
396 4284 469 4352 apicio
489 4281 592 4343 ἷωνικοῖς
611 4283 666 4353 μίαν
684 4283 815 4353 τροχαϊκὴν
834 4283 971 4336 τελευταίαν
990 4283 1129 4354 ἐπήγαγον·
1154 4284 1263 4336 καλεῖται
1281 4285 1307 4336 δὲ

140 4369 297 4439 diotrico,
317 4367 353 4420 ‘dra
370 4368 467 4438 Σαπφὼ
486 4368 574 4439 πολλῷ
594 4368 661 4440 αὐτῷ
681 4369 812 4440 ἐχρήσατο.
