2864 5002
690 316 729 374 32

129 519 176 578 Ad
209 518 399 579 enarrandum
434 536 546 577 carmen
576 516 724 595 Olympiae
757 518 820 577 caui
853 515 967 576 solitum
1001 514 1170 576 Callinicum
1207 516 1293 593 plena

14 692 18 703 ¹
129 621 253 700 fortique
275 639 344 691 voce
367 621 475 680 editum
503 621 674 696 interpretes
696 619 813 706 lffindan'
840 620 984 696 ingentem
1006 622 1213 694 congesserunt
1234 637 1293 677 mo

47 705 56 727 ⁸
129 724 187 784 lem
210 724 397 796 scholiorum,
431 722 591 798 exquibus
619 720 772 798 plurimum
795 720 907 780 videtur
928 721 1110 781 tribuendum
1132 721 1185 794 iis,
1219 739 1293 799 quae

129 826 215 903 vulgo
236 824 431 885 inscribuntur
453 823 515 899 §o
544 823 653 882 Horum
676 843 710 884 en
732 825 860 901 vestigiis
874 823 1012 883 adhibita
1035 842 1068 883 ea
1090 829 1182 900 parte,
1206 841 1292 900 quam

130 948 164 989 ex
185 929 247 989 cod.
271 928 351 987 Vrat.
368 924 494 1007 llhedig.
518 925 544 985 A
567 925 649 986 edere
670 926 832 986 Boeckhius
854 926 1030 1004 supersedit,
1053 923 1189 1005 Sybelius
1212 931 1293 986 recte

90 1020 104 1096 ¹,
130 1033 299 1109 dignoscere
328 1029 384 1089 sibi
404 1031 483 1088 visus
512 1033 556 1087 est
581 1029 634 1087 has
657 1029 853 1089 Eratosthenis
883 1031 913 1089 et
939 1027 1098 1089 Aristarchi
1125 1029 1293 1089 sententias.

130 1127 345 1217 Ἐρατοσθένης
367 1128 437 1215 ρηοὶ
459 1125 500 1213 pai
524 1127 662 1188 intulatur
685 1124 757 1189 εἶναι
779 1127 814 1188 τό
838 1125 1010 1214 Ἀρχιλόχου
1033 1125 1130 1213 μέλος,
1153 1125 1224 1189 ἀλλ’
1240 1126 1294 1216 tp-

130 1255 178 1295 νον
206 1237 246 1306 εἰς
267 1227 427 1318 Ἡρακλέα,
453 1228 594 1316 τριπλόον
617 1221 651 1291 δὲ
673 1232 707 1291 οὐ
730 1219 780 1291 ht
802 1229 837 1292 τό
861 1230 895 1291 ἐν.
916 1237 1003 1315 τριῶν
1026 1237 1160 1315 στροφῶν
1176 1239 1294 1318 συγκεῖ-

131 1335 210 1412 σθαι,
234 1332 314 1397 ἀλλὰ
338 1323 388 1395 διὰ
409 1332 444 1395 τό
467 1333 526 1418 τρὶς
549 1325 779 1420 ἐφορνιάζεοθαι
797 1332 832 1394 τό
850 1329 1020 1397 Kalliaros.
1064 1335 1136 1395 Ηιιίο
1159 1337 1295 1415 opposita
1339 1342 1341 1353 '

130 1448 173 1501 est
194 1440 351 1501 Aristarchi
376 1439 535 1514 sententia,
569 1439 604 1499 de
633 1458 688 1516 qua
717 1439 784 1498 audi
807 1439 894 1498 verba
916 1437 1019 1498 schol:
1054 1434 1231 1521 τρίοτρορος
1255 1431 1295 1495 ῶν
1339 1462 1341 1469 ·

130 1539 212 1601 κριτοὶ
233 1539 285 1600 τόν
307 1537 508 1624 Ἀρίσταρχον·
541 1547 654 1625 στρορῇ
676 1527 709 1600 δὲ
738 1538 788 1599 καὶ
811 1539 990 1622 ἀντιστρορῇ
1021 1537 1084 1614 [καὶ
1109 1526 1233 1618 ἐπῳδῷ]
1257 1535 1297 1598 τοὶ

82 1615 93 1644 ⁰
130 1650 191 1703 τῶν
219 1643 345 1726 λυρικῶν
368 1638 520 1726 σύγκειται
546 1646 709 1726 ποιήματα.
753 1643 836 1703 Adde
863 1643 954 1704 schol.
978 1642 1060 1702 Pind.
1084 1644 1165 1702 Nem.
1189 1643 1238 1715 III,
1266 1647 1294 1703 1:

130 1741 319 1829 Ἀρίστοιρχός
352 1762 437 1826 φησιν
470 1741 537 1811 ἤτοι
570 1741 623 1803 τόν
655 1742 742 1828 χορόν
758 1789 765 1803 .
832 1732 1024 1828 αὐτοσχέδιόν
1056 1764 1123 1803 τινα
1155 1742 1296 1804 ἐπινίκιον

131 1839 202 1927 ᾆσαι
224 1841 243 1914 ἢ
266 1844 317 1904 τόν
340 1839 511 1929 Ἀρχιλόχου
534 1844 713 1908 καλλίνικον.
750 1848 822 1909 Utra
844 1849 931 1923 igitur
952 1847 1139 1925 praeferenda
1161 1847 1296 1908 videtur?

130 1950 263 2026 Plerique
291 1948 385 2007 adhuc
408 1949 566 2009 Aristarchi
595 1955 689 2029 partes
711 1940 792 2029 sequi
815 1950 860 2010 vel
879 1969 940 2010 rem
964 1952 993 2010 in
1015 1951 1109 2011 modio
1131 1949 1303 2029 relinquere·

16 2049 24 2064 ⁰
130 2051 299 2111 maluerunt.
334 2047 374 2109 At
395 2051 457 2127 ipse
479 2051 596 2111 Pindari
617 2052 771 2119 scholiasta
793 2045 986 2113 enarrationes
1008 2052 1143 2117 adversas
1166 2055 1244 2112 inter
1265 2071 1297 2112 se

132 2155 305 2230 coniungere
327 2151 433 2212 frustra
461 2158 581 2214 conatus
608 2156 715 2232 pergit:
751 2151 867 2232 βέλτιον
885 2141 938 2239 δέ,
968 2149 1014 2213 ότι
1042 2152 1102 2236 τρὶς
1125 2142 1238 2235 ἐπῇδον
1260 2151 1296 2214 τό

133 2251 271 2339 ὲρύρνιον
294 2254 321 2312 οἱ
342 2252 510 2338 κωροιοταίι
545 2255 582 2316 Et
603 2257 657 2317 hoc
678 2263 753 2318 recte
775 2258 958 2318 diiudicatum
981 2257 1127 2317 contendit
1147 2255 1297 2336 Sybelius,

133 2378 196 2420 cum
227 2357 332 2436 duplici
367 2358 583 2440 improprietate
611 2359 680 2419 illud
710 2356 846 2441 τριπλόος
874 2361 980 2420 dictum
1009 2361 1047 2419 sit
1077 2379 1129 2437 pro
1157 2359 1297 2420 adverbio

132 2457 277 2544 τριπλόος
299 2464 328 2520 et
348 2460 376 2519 id
399 2479 450 2537 pro
473 2460 608 2522 adverbio
630 2463 769 2522 numerali
785 2460 853 2545 τρίς.
885 2463 1008 2522 lernam
1030 2467 1124 2522 autem
1148 2462 1298 2541 ephymnii

133 2562 366 2624 acclamationem
381 2563 503 2622 sua'dent
524 2563 595 2623 adeo
610 2565 742 2642 exempla
763 2565 883 2624 aliarum
906 2565 1065 2642 linguarum
1081 2564 1159 2625 velut
1179 2547 1297 2625 nostrae

132 2664 218 2740 hoch,
241 2664 337 2739 bravo,
359 2666 477 2739 hurrah,
500 2665 613 2725 similia.
643 2667 772 2745 Denique
788 2666 986 2752 ἁγεμονεῦσαι
1002 2655 1183 2752 κωμάζοντι,
1207 2685 1296 2746 quam

132 2786 265 2845 pompam
287 2785 405 2845 vespere
427 2767 463 2826 ad
484 2769 590 2844 gratias
611 2769 671 2829 Iovi
693 2771 818 2848 agendas
842 2770 871 2828 in
893 2770 973 2830 Altiu
995 2770 1109 2830 ductam
1123 2787 1197 2829 esse
1220 2788 1296 2829 asse

133 2874 214 2930 verat
234 2869 371 2929 Dissenus
393 2870 423 2928 in
445 2877 596 2930 comment.
619 2872 833 2950 Pind.p.122,
858 2871 1013 2932 Callinicus
1034 2872 1123 2954 fertur
1144 2891 1203 2932 non
1219 2872 1296 2951 quod

133 2978 193 3032 toto
215 2972 317 3031 itinere
331 2972 492 3048 prosodiaci
514 2975 608 3034 instar
629 2976 666 3034 sit
688 2977 852 3052 cantitatus,
875 2976 924 3035 sed
947 2975 1023 3054 quod
1039 2975 1110 3034 usui·
1125 2980 1186 3034 erat
1208 2975 1299 3035 comi-⁴

134 3075 209 3135 tibus
232 3075 367 3134 victorem
389 3094 493 3153 pompa
516 3075 644 3137 deduci
672 3085 833 3156 coeptum
860 3077 1017 3137 honorifice
1040 3075 1294 3137 consalutantibus.

134 3174 182 3238 Sic
202 3176 318 3236 Pindari
341 3176 435 3237 locum
457 3179 528 3238 satis
551 3198 652 3240 censeo
675 3199 737 3240 esse
758 3180 944 3240 illustratum.
982 3182 1076 3258 Atque
1098 3180 1182 3240 etiam
1206 3180 1296 3240 Lehr-

78 3322 83 3333 .
136 3281 197 3340 sins
222 3279 275 3358 ,de
298 3279 415 3339 scholiis
430 3277 564 3340 Pindari“
588 3302 617 3360 p.
640 3287 659 3342 4
682 3285 781 3344 scitam
804 3288 887 3342 vocat
907 3280 1105 3342 Eratosthenis
1126 3283 1296 3362 interpreta-

133 3383 250 3442 tionem.
296 3381 400 3442 Verum
433 3389 531 3443 contra
553 3382 698 3464 Sybehum
731 3388 774 3446 ira
807 3386 877 3444 satis
910 3385 1072 3445 vehementi
1102 3386 1296 3447 inflammatus

133 3485 208 3544 idom
231 3505 257 3562 p.
281 3483 299 3542 3
323 3488 352 3544 et
373 3503 452 3562 sequ.
476 3487 621 3548 contendit
642 3497 670 3548 et
691 3489 843 3567 irrepsisse
864 3487 1005 3567 permulta
1027 3488 1057 3545 in
1079 3487 1141 3547 cod.
1165 3488 1244 3549 Vrat
1269 3487 1296 3549 A

133 3587 246 3647 inutilia
267 3591 353 3663 atque
375 3593 506 3665 corrupta
529 3607 622 3666 neque
644 3591 834 3668 colligendum
864 3609 897 3649 ex
920 3589 1015 3649 verbis
1036 3588 1236 3651 Eratosthenis
1260 3589 1295 3649 οὐ

56 3767 58 3771 Ι
135 3675 186 3747 διὰ
207 3685 242 3747 τό
265 3686 299 3747 ὲκ
320 3694 407 3771 τριῶν
430 3695 564 3773 στροφῶν
587 3688 760 3776 συγκεῖσθαι
782 3693 849 3753 huic
871 3693 963 3752 visum
986 3691 1123 3769 hymnum
1150 3712 1208 3754 non
1231 3712 1296 3754 esse

83 3792 85 3797 ’
133 3791 331 3870 tristropham.
374 3791 448 3852 Illud
469 3793 505 3853 de
526 3793 623 3854 codice
637 3795 774 3856 iudicium
790 3795 921 3874 equidem
936 3800 1054 3871 tangere
1069 3795 1172 3855 nolim:
1195 3813 1296 3872 quam·
1330 3828 1333 3832 ⁴

135 3912 220 3972 quam
244 3891 350 3973 ipseL.
373 3893 460 3973 paulo
481 3899 549 3973 post
571 3914 627 3955 nou
649 3896 728 3957 nulla
749 3897 824 3958 bono
846 3895 976 3958 concedit
1000 3898 1064 3957 usui
1085 3900 1199 3958 servata
1221 3916 1294 3960 esse.

136 3995 180 4056 De
203 3996 291 4056 altero
314 4000 410 4056 autem
431 3997 537 4073 placito
560 3998 586 4057 ei
607 4017 666 4058 non
681 4017 797 4076 possum
819 4019 875 4059 non
898 3998 1027 4077 obloqui:
1050 3998 1211 4061 Aristarchi
1232 4020 1295 4062 seu·

77 4107 80 4113 '
135 4099 255 4158 tentiam
279 4116 341 4158 cum
366 4098 584 4160 Eratosthenioa
605 4101 814 4178 quodammodo
837 4101 1006 4176 coniungere
1028 4102 1075 4161 vix
1097 4103 1171 4164 licet.

220 4200 262 4260 Ac
283 4200 406 4278 primum
439 4202 554 4280 quidem
588 4202 623 4261 de
644 4222 713 4263 voce
734 4199 871 4285 τριπλόος
904 4203 1017 4263 videtur
1049 4205 1190 4279 agendum
1221 4225 1294 4268 esse.

135 4303 317 4363 Aristarchus
340 4322 421 4363 suam
445 4305 479 4364 de
507 4304 599 4364 tribus
621 4301 762 4366 carminis
777 4305 904 4384 strophis
932 4307 1102 4366 seutentiam
1130 4306 1243 4367 duobus
1265 4308 1296 4367 in

136 4405 216 4464 libris
239 4403 391 4482 protulisse
414 4411 524 4484 potest:
549 4415 577 4466 et
599 4408 628 4464 in
650 4407 852 4467 Archilochum
875 4415 903 4466 et
925 4410 954 4466 iu
976 4408 1129 4467 Pindarum
1152 4397 1296 4469 commen·
