2864 5002
619 357 657 417 41

57 554 249 642 συγκείμενον
273 555 462 641 ἀσυμφώνων
486 554 626 627 ἀλλήλοις
655 555 734 619 κατά
762 555 816 625 τὴν
846 554 1013 624 ποσότητας
1037 544 1223 638 δισυλλάβων

56 656 107 716 καὶ
130 654 344 742 τρισυλλάβων.
377 658 504 721 Eandem
526 680 586 721 rem
610 660 682 720 falso
706 647 919 729 δικαταλκξίας
944 661 1058 737 nomine
1081 662 1225 736 significat

56 760 130 822 Mar.
147 759 220 822 Vict.
244 760 309 821 loco
332 763 567 839 supralaudato,
592 763 640 822 uhi
665 770 796 842 ,praeter
817 764 871 822 has
894 763 1097 839 depositiones,
1120 766 1223 842 inquit,

55 870 102 923 est
125 882 215 942 aeque
245 883 318 942 qliae
343 850 368 921 δ.
394 864 570 938 nominatur,
606 884 669 924 cum
700 885 733 924 ex
762 866 881 925 diversis
920 866 1018 924 metris
1043 887 1141 926 versus
1170 869 1222 927 suh

15 994 20 1001 ·
54 967 142 1025 unius
164 965 255 1042 figura
277 967 466 1043 componitur.
505 967 578 1026 Nam
601 968 625 1025 si
647 969 684 1026 sit
706 967 780 1026 dact.
805 972 908 1044 tetrap.
933 972 962 1026 et
983 967 1223 1047 ithyphallos...

53 1068 141 1145 isque
163 1085 261 1127 versus
284 1069 366 1146 quasi
388 1069 538 1129 uniformis
561 1070 770 1146 pronuntietur,
795 1055 1010 1138 δικκταλκξίκν
1031 1070 1168 1148 patitur.“

142 1169 331 1248 Episyntheta
358 1172 426 1230 item
456 1171 607 1247 significari
636 1172 730 1249 possis
760 1172 890 1231 conicere
912 1172 1007 1231 verbis
1038 1179 1119 1233 tract.
1143 1173 1223 1233 Harl.

53 1293 82 1334 s.
107 1272 142 1332 l.:
168 1258 219 1330 δύο
243 1270 327 1329 κῶλα
351 1259 382 1341 ἐξ
405 1266 499 1330 άλλου
523 1269 574 1329 καὶ
599 1266 692 1331 άλλου
716 1268 824 1356 μέτρου
847 1270 889 1357 μὴ
912 1264 1062 1356 δυνάμενα
1085 1271 1226 1347 ἀλλήλοις

52 1368 293 1454 συναρτηβῆναι,
310 1375 431 1453 ¹quibus
459 1376 489 1432 in
512 1374 596 1434 defin.
621 1359 712 1453 Heph.
737 1377 867 1453 opposita
889 1377 1002 1453 possint
1031 1397 1093 1437 esse
1115 1377 1225 1456 reliqua

51 1497 98 1538 as.
123 1478 229 1553 genera·
257 1473 297 1560 pul
328 1464 476 1558 iuniperus
505 1470 607 1534 ἕνωσιν
637 1478 721 1559 ἔχειν.
766 1476 823 1540 cfr.
853 1478 943 1538 schol.
973 1477 1064 1556 Heph.
1096 1498 1123 1557 p.
1150 1481 1224 1540 201:

53 1573 103 1638 Τὰ
127 1573 183 1663 γάρ
211 1583 329 1659 πρῶτον
352 1573 438 1661 μέρος
461 1582 514 1637 τοῦ
543 1574 676 1661 ἐλεγείου
699 1575 769 1662 πρὸς
794 1574 829 1636 τὸ
853 1566 990 1663 δεύτερον
1013 1580 1070 1664 οὐχ
1089 1573 1227 1647 ἥνωται

50 1685 102 1757 τῷ
127 1674 224 1763 μέτρῳ
248 1669 324 1761 (οἷον
347 1674 387 1762 μὴ
411 1676 564 1738 κοινωνίαν
587 1676 704 1763 ἔχοντα,
729 1674 796 1738 ἀλλ’
819 1678 865 1740 οἰο.
891 1677 987 1761 ὄντα).
1034 1683 1073 1743 At
1094 1683 1226 1743 ultimum

52 1802 93 1844 ex
123 1782 247 1861 quinque
274 1780 412 1859 exemplis
440 1787 521 1842 tract.
545 1781 622 1847 Harl.
647 1789 787 1857 nonest,
816 1789 848 1843 ut
870 1789 980 1859 cetera,
1004 1786 1223 1864 episynthetum.

55 1879 163 1962 Itaque
186 1883 227 1944 sic
251 1883 378 1943 ordinem
402 1884 543 1962 quendam
568 1886 597 1943 in
612 1884 834 1972 Hephaestionis
856 1886 991 1964 exemplis
1014 1888 1064 1965 qui
1085 1888 1226 1947 desidera-

21 2023 26 2033 ·
58 1993 109 2048 tur
133 1988 179 2046 vix
201 2004 353 2064 possumus
376 1986 597 2063 deprehendere.
641 1986 834 2065 Westphalius
856 1988 887 2046 in
909 1988 1004 2062 Heph.
1029 1991 1097 2049 edit.
1121 1991 1229 2049 invexit

62 2071 265 2150 distinctiones
288 2087 376 2148 schol.
399 2107 428 2165 p.
453 2089 523 2165 201,
546 2107 620 2167 quae
643 2090 699 2149 nisi
721 2087 850 2173 ἐλεγεῖον
874 2109 951 2168 exp.
977 2092 1015 2150 53
1039 2092 1175 2152 transfers
1197 2092 1227 2151 in

58 2214 88 2273 p.
114 2181 169 2269 56,
203 2197 278 2251 stare
304 2196 458 2269 nequeunt.
504 2190 635 2251 Ceterum
659 2191 689 2250 in
712 2191 761 2252 illo
783 2192 891 2252 scholio
915 2195 1130 2255 accuratissima
1152 2195 1228 2262 inest

58 2295 237 2373 singulorum
261 2298 489 2373 asynartetorum
513 2296 699 2353 enumeratio.
745 2295 840 2355 Verba
863 2314 897 2355 ex
919 2295 1050 2356 doctrina
1071 2296 1228 2374 Heliodori,

58 2418 143 2479 quem
171 2403 234 2458 octo
261 2402 353 2456 metra
379 2401 533 2475 prototypa
556 2397 693 2456 statuisse
715 2402 843 2473 constat,
878 2416 895 2456 a
917 2397 1072 2459 scholiasta
1104 2400 1226 2476 repetita

63 2504 100 2576 (ν.
123 2493 357 2578 Ηεοείἰοοεεοι.
381 2498 519 2558 heliodor.
542 2517 570 2576 p.
592 2497 659 2575 127)
684 2504 752 2558 sunt
772 2500 860 2560 haec:
885 2494 992 2559 ’ἰστέον
1016 2487 1049 2558 δὲ
1071 2496 1119 2559 ὅτι
1141 2500 1226 2559 ἀσυν-

63 2605 184 2693 άρτητα
206 2598 245 2661 τά
267 2596 366 2660 πάντα
383 2586 438 2670 ξδ’.

48 2710 141 2789 ,ἔστιν
165 2705 290 2781 ἑαυτοῖς,
315 2700 534 2787 ἐπιπλεκόμενα
556 2699 596 2761 τά
618 2690 663 2773 ξδ’
683 2708 784 2762 ταῦτα
799 2700 922 2789 γίνεται,
956 2698 1028 2762 Ἀπὸ
1051 2709 1112 2762 τῶν
1127 2692 1230 2774 ἐξαεί-

61 2831 124 2895 μων
141 2804 205 2894 μέν,
229 2808 332 2886 quihus
356 2815 471 2884 propter
495 2790 628 2876 διποδίας
647 2793 811 2888 ἑξασιίμους
834 2808 919 2866 etiam
941 2807 1031 2867 iambi
1054 2813 1082 2867 et
1104 2807 1229 2866 trochaei
1248 2825 1250 2829 ’

62 2913 297 2993 adnumerantur,
322 2905 392 2980 λς””
423 2897 520 2979 ἑξάκις
535 2905 591 2994 γάρ
608 2904 647 2966 τά
671 2900 704 2979 ς’
726 2903 794 2977 λς”’·
818 2914 878 2966 τῶν
896 2896 929 2968 δὲ
944 2904 1138 2992 τετρασῆμων
1160 2903 1228 2967 τέσ-

61 3034 147 3098 σαρα.
194 3008 242 3072 Τά
266 2999 298 3072 δὲ
320 3006 670 3097 λεγόμεναὲπισὺνθετά
694 2999 829 3087 eiusad,
859 3009 951 3068 άκαὶ
980 3007 1057 3069 αὐτά
1086 3009 1148 3069 ἐστι
1168 3018 1229 3070 τῶν

59 3112 282 3198 άσυναρτήτων.
328 3109 398 3173 Ἔτι
429 3100 462 3173 δὲ
489 3111 539 3172 καὶ
568 3109 693 3197 θάτερον
721 3110 846 3198 τρόπον,
875 3110 990 3173 τούτων
1013 3104 1152 3197 μονοειδῆ
1175 3110 1233 3198 μέν,

60 3220 140 3279 ἐστιν
169 3215 325 3280 ὀκτώ·...
350 3204 502 3301 ὁμοιοειδῆ
531 3203 565 3274 δὲ
593 3214 689 3276 ὀκτώ·
783 3212 959 3275 ἑπισύνίλετα
989 3202 1022 3273 δὲ
1049 3201 1113 3274 κδ’·
1147 3216 1228 3275 άντι-

60 3301 149 3388 rute
169 3307 228 3396 κδ’,
252 3312 292 3380 ὧν
313 3317 354 3379 τά
376 3314 428 3404 μὲν
450 3316 568 3402 πρώτης
591 3315 793 3395 ἀντιπαθείας,
818 3315 894 3377 ὅσων
918 3325 985 3403 μιᾶς
1009 3316 1158 3397 συλλαβῆς
1182 3317 1228 3378 ἐκ·

61 3419 220 3507 τιθεμένης
241 3419 276 3481 τὸ
301 3419 371 3506 ὅλον
394 3421 423 3480 ἓν
445 3423 621 3498 τοιεῖ[τοιι],
644 3423 732 3484 verba
753 3418 793 3481 τά
817 3409 850 3481 δὲ
873 3427 925 3492 τῆς
949 3409 1086 3504 δευτέρας
1109 3428 1160 3482 etc.
1184 3442 1229 3482 ex-

61 3529 200 3589 ciderunt.
244 3526 361 3587 Hiscum
392 3527 463 3588 satis
492 3528 665 3586 conveniunt
687 3545 735 3600 ea,
766 3544 839 3604 qnae
863 3525 931 3585 Mar.
956 3525 1027 3584 Vict.
1051 3523 1090 3584 ΙΙΙ
1114 3545 1140 3602 p.
1170 3528 1225 3585 102

61 3636 90 3692 et
111 3649 189 3710 sequ.
215 3627 329 3690 exhibet
357 3630 392 3689 de
420 3630 528 3706 duplici
549 3629 685 3706 iungendi
708 3628 834 3704 ratione,
864 3647 927 3687 cum
951 3626 1008 3687 alia
1037 3632 1138 3687 coeant
1160 3646 1227 3687 con-

62 3744 199 3795 sentanea
222 3738 250 3793 et
271 3732 360 3793 veluti
383 3737 517 3809 cognata,
547 3733 604 3790 alia
627 3731 797 3791 dissidentia
819 3750 851 3791 ao
874 3731 1035 3804 contraria,
1058 3731 1098 3790 ita
1120 3737 1151 3790 ut
1173 3730 1226 3790 alia

61 3838 91 3898 in
115 3833 299 3897 conexionem
323 3836 490 3895 convenisse
512 3834 664 3895 videantur
685 3833 778 3893 lenem
803 3852 835 3893 ac
857 3833 1010 3911 liquidam,
1034 3832 1091 3893 alia
1112 3835 1142 3892 in
1165 3853 1229 3893 con-

63 3940 209 4017 fragosam
234 3945 319 4017 atque
342 3957 482 4016 asperam.
528 3938 588 3996 Non
613 3938 708 3996 omnia
735 3935 785 3996 illa
808 3938 847 3996 64
877 3955 982 4012 genera
1003 3937 1125 3995 inveniri
1147 3935 1230 3996 facile

62 4060 113 4120 per
136 4060 166 4101 se
188 4047 307 4119 apparet
329 4046 415 4120 atque
438 4041 527 4100 multo
550 4041 635 4099 etiam
659 4040 752 4099 minus
775 4059 826 4115 ea,
854 4058 926 4119 quae
948 4037 1019 4098 Mar.
1045 4038 1117 4099 Vict.
1140 4038 1185 4114 lll,
1211 4043 1227 4100 3

63 4145 93 4205 in
116 4143 174 4203 fine
197 4144 257 4203 eius
279 4143 381 4221 capitis
405 4143 538 4220 protulit,
563 4142 639 4222 qnod
662 4148 705 4202 est
727 4143 762 4202 de
785 4161 896 4202 summa
918 4141 1045 4215 numeri,
1079 4160 1152 4219 quae
1175 4161 1230 4200 me-

62 4253 172 4306 trorum
209 4244 445 4324 multiplicatione
480 4247 628 4322 redigitur.
683 4243 744 4304 lllic
778 4245 854 4304 enim
882 4265 909 4322 p.
940 4247 998 4304 106
1032 4243 1229 4321 multiplicatis

60 4352 140 4411 inter
162 4368 192 4408 se
214 4349 341 4408 diversae
363 4350 541 4426 proceritatis
564 4349 649 4419 colis,
685 4350 715 4406 ut
736 4348 859 4407 maiores
881 4348 911 4406 in
934 4348 987 4406 huo
1010 4356 1069 4406 arte
1093 4346 1228 4406 sublimes

64 4451 249 4528 tradiderint,
273 4451 514 4527 differentiarum,
539 4450 642 4529 quihus
664 4467 746 4528 asyn.
770 4439 800 4508 id
823 4455 867 4508 est
890 4451 1028 4509 inconexa
1051 4448 1231 4525 colligantur,
