2864 5002
445 1261 489 1319 'H'
501 1267 531 1338 ῥά
548 1285 582 1318 νιν
605 1266 629 1318 αἱ
647 1267 739 1320 Μοῖσαι
756 1265 796 1317 aul
816 1263 829 1316 ὁ
848 1264 936 1325 Δάλιος
957 1262 1064 1334 alpheam
1082 1262 1223 1332 Ἀπόλλων,

495 1351 528 1414 ὡς
546 1351 653 1423 ippum
671 1350 693 1404 τ’
701 1350 784 1422 ἒγέντο
802 1350 937 1417 κήπιδέξιος

496 1436 554 1491 daed
572 1456 597 1490 τε
615 1441 690 1490 ποιεῖν
709 1437 770 1508 πρὸς
788 1437 865 1507 λύραν
883 1435 1004 1490 τ’ὰείδειν.

790 1523 903 1580 Theoer.
922 1522 1005 1593 epigr.
1023 1523 1095 1586 XIX,
1113 1522 1189 1579 4-6.

143 1790 217 1854 (lum
244 1789 396 1850 multorum
425 1807 500 1868 qnae
523 1787 645 1849 Graecia
675 1787 742 1848 tulit
769 1806 937 1864 magnorum
963 1787 1144 1864 ingeniorum
1166 1805 1226 1847 mo-

53 1900 196 1956 numenta
222 1894 334 1972 perdita
362 1898 443 1968 sunt,
475 1898 534 1952 tum
560 1891 723 1952 Archilochi
744 1891 821 1950 Parii
850 1891 978 1950 carmina
1008 1892 1152 1968 perierunt
1173 1909 1226 1951 nec

53 1999 214 2078 quidquam
244 2016 278 2057 ex
310 1997 346 2056 iis
372 1996 504 2056 relictum
538 2000 580 2055 est
610 1994 666 2054 nisi
698 1993 858 2070 fragmenta
886 1994 965 2054 haud
991 1994 1032 2054 ite
1058 2011 1150 2072 pauca
1177 1993 1227 2054 illa

53 2102 174 2181 quidem
197 2117 333 2174 numero,
363 2097 413 2158 sed
436 2098 546 2158 ambitu
567 2096 703 2175 pleraque
731 2097 857 2156 minima.
903 2096 933 2156 ld
962 2115 996 2156 eo
1018 2097 1108 2173 magis
1131 2095 1226 2156 dolen·

54 2205 126 2264 dum
149 2207 208 2279 est,
236 2201 312 2281 quod
334 2201 365 2260 in
387 2200 513 2278 antiquis
535 2199 638 2260 litteris
664 2183 849 2277 illepraeter
871 2204 982 2259 ceteros
1015 2204 1100 2277 poeta
1122 2198 1228 2260 collau·

57 2304 144 2367 datur
165 2310 195 2366 et
224 2324 288 2366 cum
311 2305 489 2383 priucipibus
519 2300 658 2381 cuiusque
688 2304 800 2379 generis
828 2301 991 2363 auctoribus
1013 2302 1137 2363 Homero
1159 2303 1228 2363 Pin-

63 2409 133 2468 daro
153 2407 293 2487 Sophocle
315 2406 398 2485 plane
421 2411 613 2484 comparatur.
656 2405 729 2465 Vide
751 2406 811 2468 Cic.
836 2425 877 2467 or.
901 2405 927 2480 l;
950 2405 1071 2483 Longin.
1095 2406 1130 2466 de
1152 2406 1226 2467 subl.
1348 2454 1351 2458 .

63 2511 118 2587 33,
156 2513 192 2585 53
231 2509 312 2571 alios.
359 2507 485 2584 'Quodsi
524 2510 672 2569 universas
706 2508 880 2570 Graecorum
919 2509 1029 2570 litteras
1067 2511 1229 2589 perspicere

62 2618 92 2675 et
113 2613 276 2700 existimare
297 2619 396 2672 nostra
417 2613 548 2687 interest,
571 2629 758 2690 quaecunque
784 2612 820 2672 ah
842 2610 1014 2673 Archilocho
1035 2613 1164 2674 conlecta
1184 2612 1230 2672 vel

61 2716 99 2776 de
122 2734 156 2776 co
169 2715 277 2777 traditu
297 2716 330 2775 in
350 2715 433 2775 libris
448 2720 575 2775 veterum
597 2713 741 2791 leguntur,
764 2719 895 2775 accurate
917 2721 1036 2793 apparet
1050 2716 1230 2794 congerenda

57 2826 87 2880 et
106 2820 184 2879 inter
204 2837 237 2879 se
253 2803 459 2894 coniungenda
481 2836 552 2878 esse.
596 2816 657 2877 Hoc
678 2823 711 2876 ut
737 2817 820 2878 fieret
847 2823 1001 2896 postquam
1031 2819 1148 2897 saepius
1175 2819 1229 2880 viri

59 2922 135 2982 docti
161 2926 334 3000 optaverunt
361 2920 440 2981 velut
467 2919 657 2982 Ruhnkenius
685 2921 722 3005 ad
743 2920 814 2981 Vell.
844 2921 906 2982 Pat.
929 2920 941 2981 l
964 2921 982 2980 5
1006 2941 1035 3000 p.
1061 2924 1117 2998 25,
1149 2920 1229 2999 lgna·

60 3025 118 3086 tius
146 3023 293 3085 Liebelius
321 3023 468 3102 professor
496 3024 727 3084 vindobonensis
756 3023 922 3085 Archilochi
949 3024 1085 3103 reliquias
1113 3025 1232 3106 collegit

59 3127 275 3206 praemissaque
296 3126 333 3186 de
347 3127 406 3187 vita
428 3131 457 3186 et
479 3127 593 3204 seriptis
615 3101 676 3186 dus
692 3128 930 3188 commentatione
952 3147 1016 3188 cnm
1032 3127 1122 3188 letina
1143 3130 1229 3188 inter·

58 3229 221 3307 pretatione
242 3233 272 3289 et
292 3230 474 3290 enarratione
496 3231 567 3290 satie
591 3231 708 3308 eopiosa
731 3249 805 3290 anno
825 3232 904 3292 1812
920 3236 1006 3309 atque
1027 3231 1129 3290 iterum
1148 3233 1227 3291 1819

13 3412 15 3417 ¹
59 3331 163 3392 edidit.
194 3328 284 3407 Quem
307 3332 422 3410 quidem
444 3332 550 3393 librum
573 3333 671 3393 multis
693 3334 858 3394 nominibus
877 3334 1050 3412 vituperavit
1064 3332 1230 3394 Welclerus

59 3435 90 3495 in
113 3452 236 3495 censura
260 3437 340 3497 1816
363 3436 470 3514 scripta
493 3440 650 3515 posteaque
671 3438 701 3496 in
726 3438 843 3515 „script
868 3432 990 3496 minor.“
1014 3436 1026 3498 l
1053 3455 1081 3515 p.
1106 3437 1229 3499 72-82

60 3537 152 3614 edita,
180 3542 281 3599 contra
307 3532 438 3616 pluribus
466 3538 594 3599 laudavit
628 3540 674 3599 Fr.
703 3540 890 3601 Thiersehius
921 3541 952 3599 in
981 3539 1077 3603 annal.
1106 3539 1228 3601 Vindob.

65 3642 155 3718 1821,
176 3638 216 3701 111
236 3659 265 3719 p.
289 3643 437 3701 36-54.
489 3641 527 3702 Et
560 3643 622 3702 sine
655 3642 742 3720 dubio
775 3643 919 3703 Liehelius
951 3643 1044 3703 editor
1076 3641 1230 3703 admodum

63 3739 206 3805 litteratus
227 3748 258 3805 et
277 3743 393 3822 elegans
414 3744 450 3804 de
473 3746 581 3822 graecis
614 3746 716 3807 studiis
737 3747 811 3807 bene
834 3747 947 3807 meruit.
992 3746 1051 3807 Sed
1073 3751 1229 3827 quactum

61 3844 221 3923 praeefitit,
255 3865 289 3908 ea
311 3853 475 3908 nostrorum
509 3849 567 3909 iam
600 3855 761 3928 temporum
795 3850 955 3913 rationibus
989 3869 1047 3910 non
1076 3849 1229 3910 sufficiunt.

60 3945 145 4009 Unde
166 3946 272 4011 fadum
294 3956 347 4025 est,
370 3956 403 4011 ut
426 3947 509 4010 multi
531 3951 608 4039 illius
631 3971 717 4031 opera
740 3954 799 4013 nixi
821 3953 850 4012 in
874 3951 972 4012 eadem
994 3971 1026 4014 re
1050 3958 1232 4014 versarentur

58 4055 90 4111 et
109 4050 202 4113 huius
222 4053 326 4113 aetatis
346 4053 561 4114 inventionibus
584 4055 673 4116 adiuti
695 4056 810 4132 longius
833 4055 1013 4133 proficerent.

142 4152 188 4217 Ae
219 4152 358 4235 reliquias
391 4156 507 4235 quidem
541 4158 595 4217 viri
627 4158 718 4234 docti,
751 4159 892 4237 imprimis
927 4155 1166 4219 Schneidewinus
1201 4159 1231 4218 in

63 4251 214 4333 „delectu“
244 4262 274 4318 et
294 4257 435 4334 Bergkius
463 4258 494 4317 in
518 4262 630 4337 „poetis
658 4260 755 4338 lyricis
783 4258 923 4337 graecis“,
954 4278 1009 4320 non
1028 4259 1133 4319 ‘nullas
1156 4260 1232 4320 adie-

63 4364 162 4420 cerunt
184 4358 299 4420 'multas
332 4369 516 4421 correxerunt
549 4382 648 4422 omnes
680 4365 711 4422 in
744 4363 890 4423 meliorem
925 4363 1066 4440 quendam
1101 4361 1231 4422 ordinem

11 4544 15 4553 Ι
62 4460 250 4537 redegerunt,
279 4462 322 4522 ita
343 4468 376 4522 ut
402 4464 431 4522 iu
455 4463 572 4541 Bergkii
600 4466 723 4525 editione
745 4467 831 4544 tertia
853 4484 903 4542 per
934 4465 1048 4542 singula
1069 4465 1164 4542 poesis
1185 4484 1232 4542 ge·

1015 4565 1026 4613 l
