2864 5002
611 324 648 384 19

531 406 728 414 ——.-——-

49 543 93 608 μοι
109 538 123 559 ·,
132 519 212 606 παρὰ
233 520 268 582 τὸ
291 513 364 602 ῥέξω
388 512 480 600 ρεξίας
502 523 552 593 οιαὶ
575 522 728 609 ὑπερθέσει
751 515 843 611 ἑρίίοις
864 544 906 580 ss
927 528 943 587 6
965 523 1134 620 πρακτικός,
1158 529 1206 606 qui
1320 528 1325 539 ’

47 625 130 687 locus
162 627 275 686 disertis
313 627 408 687 verbis
439 622 588 689 revocatur
628 630 664 689 ad
698 628 785 690 Arch.
807 631 843 690 fr.
866 633 915 693 00.
961 630 1039 706 Quae
1070 631 1208 709 quoniam

49 730 174 789 nominis
212 729 322 807 proprii
360 730 507 808 explicatio
541 737 598 807 est,
631 733 749 810 propria
781 740 878 793 autem
913 735 1030 809 nomina
1062 751 1080 794 a
1114 751 1209 810 gram·

50 832 164 892 maticis
190 831 325 909 explicari
358 834 430 893 alias
459 853 517 894 non
546 834 653 910 solent,
687 836 915 896 coniunctionem
948 837 1090 915 quandam
1121 835 1210 898 fuisse

50 936 83 995 in
110 933 275 994 Archilochi
305 937 478 997 carminibus
506 938 636 1015 suspicor
661 938 784 998 nominis
813 926 925 1021 Ἐρξίης
950 927 1210 1018 ι1ώίοιιοερέζειν

52 1038 116 1098 sive
144 1037 240 1116 potius
268 1022 370 1120 ἕρθειν.
413 1039 472 1099 Iam
496 1040 719 1117 contemplemur
740 1040 830 1101 1102
854 1042 981 1117 initium,
1018 1043 1048 1102 in
1070 1041 1211 1121 (110011-

50 1142 157 1201 mentis
186 1141 327 1219 scriptura
349 1129 447 1222 ’Έρίω
476 1144 606 1219 augenda
636 1149 680 1203 est
705 1144 736 1202 in
764 1145 853 1204 trium
880 1144 1055 1223 syllabarum
1076 1146 1210 1223 spatium.

51 1243 214 1304 Meinekius
258 1245 378 1304 correxit
420 1238 500 1328 ’'Epp'
537 1243 603 1322 ἰών,
645 1245 820 1323 Hartungius
863 1240 927 1331 ἄρχ’
963 1246 1030 1320 ἰών,
1072 1248 1213 1325 Bergkius

32 1333 190 1430 .Ερξίων,
219 1367 288 1426 quo
303 1349 420 1408 nomine
447 1349 620 1427 appellatum
648 1355 730 1427 putat
756 1351 878 1411 eundem
904 1352 1037 1426 amicum,
1060 1352 1106 1410 cni
1128 1357 1213 1410 antea

52 1469 158 1509 nomen
191 1456 236 1510 est
258 1439 334 1534 Epis
327 1471 379 1520 ιας.
424 1452 526 1512 Nonne
548 1453 687 1513 scriberet
675 1459 722 1512 tor
744 1458 793 1529 apt
793 1454 838 1512 ius
866 1441 1001 1536 ἔρξον
970 1472 1021 1511 ουν
1047 1450 1093 1513 riel
1121 1451 1215 1513 simile

17 1630 21 1635 Ι
54 1552 155 1615 aliud?
188 1553 250 1613 lieo
279 1554 396 1632 quidem
428 1556 533 1616 iudicio
561 1556 626 1615 talis
654 1555 692 1615 ad
717 1574 778 1615 rem
807 1555 879 1615 bene
911 1555 1063 1632 gerendam
1090 1555 1214 1616 hortatio

55 1658 129 1717 bene
152 1645 285 1718 convenit
311 1677 374 1718 com
388 1659 548 1776 mentione
569 1659 727 1719 communis
750 1658 848 1718 Martis
875 1658 1042 1719 consolandi
1068 1676 1154 1718 causa
1175 1677 1215 1717 ex

56 1760 143 1821 Hom
160 1755 260 1822 2309
283 1763 406 1839 repetitu
386 1761 555 1823 iVerum
577 1763 648 1821 haec
669 1763 807 1821 hactenus
830 1761 864 1820 de
886 1762 1010 1837 original
997 1760 1122 1822 tionibus
1145 1761 1215 1821 satis

56 1864 159 1940 certis,
192 1883 262 1943 quas
290 1864 423 1942 populari
451 1885 488 1945 po
489 1867 545 1926 tius
572 1885 659 1945 quem
686 1865 770 1924 docto
803 1863 963 1942 explicandi
996 1864 1089 1926 studio
1122 1857 1217 1924 motas

57 1985 123 2027 esse
144 1985 195 2044 per
217 1986 247 2026 se
272 1973 400 2045 apparet.

143 2069 248 2128 Tribus
269 2070 356 2146 igitur
378 2087 416 2147 en
434 2069 572 2154 lontibus,
595 2074 627 2129 ut
649 2088 682 2129 ea
705 2088 776 2148 quae
788 2069 876 2137 modo
892 2069 951 2135 dixi
965 2069 1216 2146 comprehendam,

59 2163 223 2249 proprium
246 2191 329 2231 suurn
352 2190 511 2232 sermonem
534 2171 568 2232 Α.
599 2173 708 2233 hausit:
744 2191 777 2232 cx
804 2172 1003 2250 antiquissima
1031 2172 1112 2249 poesi
1133 2176 1162 2231 et
1182 2189 1219 2230 cx

60 2291 108 2332 ore
134 2274 279 2334 hominum
304 2281 333 2335 et
354 2293 388 2334 ex
407 2276 519 2351 ingenii
538 2276 582 2335 sui
604 2275 739 2335 sollertia.
782 2273 825 2333 De
846 2274 937 2351 ipsius
960 2280 1055 2336 antem
1077 2270 1218 2335 sermonis

58 2394 163 2452 genere
183 2376 310 2455 locuples
332 2382 376 2437 est
397 2379 478 2437 testis
497 2376 698 2452 Quintilianus,
721 2378 771 2456 qui
785 2378 813 2436 in
829 2377 895 2437 inst.
912 2376 1005 2451 orsX,
1024 2381 1038 2436 l
1063 2375 1131 2452 §59
1143 2379 1217 2436 -60

10 2514 12 2547 ;
62 2479 98 2538 de
120 2478 269 2539 formanda
291 2487 386 2560 mente
408 2484 437 2540 et
458 2480 587 2540 ducendo
609 2479 703 2539 colore
723 2480 901 2557 praecipiens
925 2479 981 2554 „ad
1002 2465 1092 2554 111νῆ
1113 2478 1218 2555 inquit,

10 2570 13 2579 ’
62 2568 203 2660 ,maxime
229 2583 383 2659 pertinebit
409 2602 485 2642 unus
514 2584 548 2642 Α.
593 2579 711 2658 Summa
732 2583 761 2641 in
789 2582 844 2642 hoc
871 2582 914 2641 vis
942 2578 1127 2654 elocutionis,
1154 2598 1218 2639 cum

11 2744 15 2749 .
59 2685 173 2745 validae
201 2689 262 2744 tum
290 2685 389 2746 breves
415 2686 618 2764 uibrantesque
640 2685 808 2758 sententiae,
834 2684 988 2762 plurimum
1010 2682 1157 2758 sanguinis
1179 2685 1221 2742 at

10 2856 18 2873 Ι,
56 2806 117 2869 ⁸que
147 2806 298 2848 nervorum
371 2833 399 2848 ..
420 2787 466 2848 .“.
494 2787 532 2848 Et
558 2806 729 2867 quamquam
759 2788 894 2864 pleraque
922 2787 1082 2862 fragmenta
1107 2784 1222 2844 minora
1254 2820 1258 2829 -

61 2895 139 2966 sunt,
163 2909 247 2968 quam
272 2891 377 2969 quibus
397 2891 619 2967 demonstretur,
642 2909 728 2969 quam
742 2898 819 2951 recte
834 2883 1027 2964 Quintilianus
1041 2886 1220 2964 iudicaverit,

60 2999 159 3054 tamen
181 3011 216 3052 ex
236 3013 294 3054 non
316 2992 401 3053 nullis
422 2994 477 3054 hoc
498 2995 638 3071 suspicari
658 2992 733 3055 licet.

147 3095 189 3156 Ac
210 3098 333 3174 primum
355 3097 469 3175 quidem
493 3085 968 3166 lacertosvmenilochismulta
982 3112 1067 3155 carne
1082 3090 1221 3153 sermonis
1250 3126 1254 3131 ·

64 3199 212 3279 epicorum
234 3201 304 3260 satis
325 3200 508 3277 temperantis
531 3200 689 3260 ostendunt
710 3199 947 3277 comparationes,
970 3215 1042 3276 quas
1063 3195 1140 3256 inira
1154 3213 1223 3255 enu-

63 3301 195 3363 merabo:
219 3303 446 3380 compendiariae
467 3303 652 3362 inveniuntur
674 3301 789 3377 multae,
812 3301 891 3362 nulla
904 3300 1021 3360 Homeri
1039 3317 1118 3360 more
1131 3297 1223 3358 fusius

64 3404 212 3483 explicata
256 3405 408 3465 Praeterea
435 3404 489 3464 hos
517 3406 698 3482 potissimum
726 3423 896 3482 componere
923 3402 994 3464 libet
1022 3404 1100 3464 locos
1122 3399 1224 3463 Archi·

63 3507 140 3569 lochi
163 3506 192 3567 et
213 3507 339 3585 priorum
361 3510 526 3584 poetarum:

63 3609 98 3681 fr.
115 3612 171 3672 10·
201 3603 288 3678 Τοῖος
310 3603 489 3692 ἀνθρώποισι
511 3605 604 3694 θυμός
620 3604 762 3686 [Plotina
783 3603 942 3670 Λεπτίνεω
956 3602 1021 3686 πάϊ]

10 3788 12 3791 ἢ
199 3706 285 3796 Γίγν
272 3732 337 3770 ται
356 3707 485 3787 θνητοῖς,
508 3709 611 3779 ὁποίην
634 3706 738 3783 Ζεὺς
729 3731 766 3772 επ
787 3706 898 3796 ἡμέρην
920 3712 982 3794 spa

64 3836 129 3878 cunr
153 3814 236 3876 Hom.
252 3817 356 3877 0135:
385 3810 537 3885 Torua
461 3811 640 3898 ςγσιρνόος
663 3811 740 3874 ἐστὶν
765 3810 940 3897 ἐπιχθονίων
955 3806 1119 3895 ἀνθρώπων

10 3918 14 3935 “
386 3908 495 3978 Οἷον
486 3919 530 3977 στ’
549 3936 629 4000 ηραρ
651 3919 743 4001 ἄγῃσι
764 3912 861 3998 πατὴρ
884 3902 999 3999 ἀνδρῶν
1019 3933 1054 3973 τε
1076 3909 1152 3972 θεῶν
1178 3929 1225 3989 τε,

10 3988 13 4105 ἶ
65 4021 223 4082 1111851
256 4014 403 4106 ’Abbrip'
426 4009 803 4105 ὁλοσιμελής[ὦ’τοιιρε]
828 4003 977 4102 θάρνατοιι
998 4011 1090 4086 πόθος

10 4184 12 4189 .
63 4143 133 4187 cum
145 4123 212 4184 Hes.
226 4121 278 4184 Th.
296 4120 368 4184 110.
395 4109 459 4182 ''Hb
475 4117 573 4204 Ἐρος,
597 4115 628 4191 θς
650 4116 809 4190 κάλλιστος
830 4120 860 4180 ἐν
883 4113 1059 4180 ἀθανάτοισι
1081 4112 1183 4192 θεοῖσι,

400 4221 582 4307 Λυσιμελής,
604 4217 724 4282 πάντων
746 4241 780 4281 τε
803 4218 880 4281 θεῶν
897 4217 1017 4281 πάντων
1031 4241 1050 4279 τ
1051 4213 1225 4297 ’ἀνθρώπων
1263 4292 1266 4298 ,

401 4325 558 4412 Δάρναται
579 4324 609 4386 ὲν
632 4320 771 4390 στήθεσσι
791 4320 857 4383 νόον
873 4321 923 4382 καὶ
946 4320 1083 4405 ἐπίφρονα
1105 4314 1222 4398 βουλήν.

63 4435 181 4513 Quibus
203 4432 374 4508 comparatis
392 4436 512 4510 apparet
531 4434 647 4507 praeter
668 4445 712 4502 ea,
735 4445 808 4505 quae
825 4428 861 4486 ad
877 4445 923 4486 res
937 4423 1138 4550 despribendas
1152 4439 1225 4498 opus

975 4522 991 4574 2
