2874 4988
763 312 803 370 48

686 391 887 402 Ι...----ι---

206 515 290 574 minis
317 532 434 574 numero
464 514 638 589 disiungeret
667 514 696 572 in
727 512 783 573 duo
812 530 929 590 genera:
964 531 991 570 τ.
1014 505 1200 596 προκρηεικά
1226 529 1261 571 ax
1283 509 1372 569 meris

167 634 169 639 ’
207 616 348 676 trochaeis
371 595 404 675 et¹
420 635 447 676 τ.
472 600 653 699 spontanea
676 635 709 676 ex
732 616 903 695 asynartetis
926 614 1097 691 composita3
1122 613 1170 673 cfr.
1188 631 1262 692 quae
1285 632 1312 689 p.
1331 607 1374 670 44

207 725 361 779 memorata
396 725 440 779 est
461 714 611 778 Ritschelii
641 719 675 778 de
703 719 749 777 his
771 718 900 778 versibus
928 718 1078 776 sententia.
1126 714 1181 776 Sed
1211 716 1375 792 ingenuosa

207 824 369 893 coniectura
391 821 440 880 illa
462 822 578 881 omnino
601 821 779 898 reprobanda
802 826 858 880 est:
893 839 950 879 non
973 825 1032 879 tam
1054 838 1088 879 ea
1110 819 1145 879 de
1167 836 1262 893 causa,
1284 836 1374 896 quam

207 925 364 1002 principem
389 923 507 1003 protulit
528 923 682 1000 Bergkius,
710 923 787 1003 quod
810 923 921 982 rationa
949 922 1056 982 nitatur
1079 923 1276 996 metricorum,
1300 938 1375 999 quos

187 1027 374 1087 Plutarchus
402 1027 485 1106 sequi
512 1046 568 1087 non
599 1024 689 1087 soleat
717 1025 806 1101 [certe
834 1044 936 1085 nomeu
965 1025 1060 1107 ἡρῷον
1083 1010 1247 1106 ηὐξημένον
1276 1023 1372 1101 ipsum

208 1149 320 1209 quoque
348 1130 530 1189 metricorum
560 1135 605 1211 est
630 1128 808 1204 inventuml,
843 1147 928 1208 quam
963 1127 1038 1206 quod
1066 1122 1264 1210 προκρητικόν
1299 1124 1374 1185 illud

207 1251 350 1311 nusquam
365 1233 485 1310 ,legitur
512 1231 592 1292 alias.
648 1233 695 1293 Nil
717 1233 795 1293 aliud
817 1231 1015 1308 corrigendum
1045 1230 1156 1290 videtur
1184 1248 1271 1309 quam
1294 1227 1375 1307 quod

207 1337 354 1422 Burettius
377 1337 435 1395 iam
457 1328 606 1413 proposuit
628 1332 775 1418 κρητικόν.

292 1438 355 1514 Qua
378 1442 472 1500 autem
497 1440 606 1498 ratione
629 1439 705 1497 hunc
728 1437 874 1498 Plutarchi
895 1437 990 1498 locum
1013 1436 1213 1516 explicandum
1237 1441 1375 1514 putemus

208 1561 241 1602 ea
263 1541 429 1619 praesertim
454 1540 621 1600 difficultate
643 1541 820 1619 impeditum,
844 1540 921 1618 quod
943 1540 1018 1599 idem
1042 1544 1141 1600 auctor
1162 1558 1186 1599 c.
1213 1521 1250 1599 10
1273 1544 1375 1616 aparte

199 1650 238 1703 et
266 1643 370 1704 rectius
398 1650 439 1702 ut.
462 1635 573 1703 videtur
601 1642 642 1718 (ci
657 1691 662 1702 .
693 1641 796 1704 Strabo
818 1642 846 1701 X
870 1663 897 1721 p.
922 1641 996 1719 480)
1023 1649 1146 1702 metrum
1173 1642 1308 1702 creticum
1338 1641 1376 1701 ab

186 1729 380 1807 ¹llrchilocho
403 1746 549 1807 abiudicat
571 1745 749 1825 Olympoque
778 1755 806 1813 et
828 1744 967 1806 Thaletae
996 1747 1115 1806 tribuit?
1158 1746 1298 1821 Bergkius
1321 1741 1375 1820 (lb.

208 1869 236 1926 p.
260 1846 322 1926 Vll)
366 1850 421 1910 hoc
449 1845 587 1932 aportuit
614 1850 743 1925 ignotum
773 1850 867 1908 adhuc
894 1868 998 1908 nomen
1025 1868 1059 1908 ex
1086 1869 1140 1909 usu
1171 1849 1376 1909 nonnullorum

208 1952 434 2030 rhythmicorum
454 1951 637 2028 indagavissa
657 1952 711 2011 sibi
734 1950 811 2011 visus
827 1952 1030 2027 interpretatur
1044 1951 1270 2029 ithyphallicum‚
1293 1952 1377 2012 cuius

210 2072 312 2113 nomen
334 2058 394 2114 toto
418 2053 564 2114 Plutarchi
586 2054 648 2114 loco
671 2054 859 2127 desideretur,
888 2053 1076 2132 similiterque
1099 2039 1290 2137 προςοὸιακόν
1314 2072 1378 2115 nou

207 2157 350 2233 integrum
374 2176 486 2216 versum
509 2161 720 2235 asynartetum‚
744 2175 829 2234 quem
852 2159 953 2216 statuit
974 2155 1146 2217 Ritschelius
1168 2157 1187 2217 l.
1212 2177 1234 2217 s.
1259 2156 1294 2230 l.,
1325 2157 1378 2217 sed

208 2260 333 2337 priorem
355 2264 466 2318 tantuin
490 2266 600 2336 partem
623 2260 845 2337 anapaesticam.
891 2259 1002 2335 Quibus
1023 2260 1108 2320 rebus
1131 2260 1293 2320 constitutis
1318 2278 1379 2320 non

209 2362 270 2421 sine
294 2361 389 2439 aliqua
412 2364 471 2421 veri
494 2362 680 2421 similitudine
702 2362 738 2422 de
758 2359 853 2443 'altera
874 2363 1031 2422 intentione
1053 2361 1200 2422 Plutarchi
1222 2362 1317 2422 locum
1342 2359 1378 2423 B'

209 2484 244 2524 ex
265 2466 310 2524 his
337 2465 396 2524 fere
419 2484 582 2542 perversum
610 2475 705 2525 censet
734 2465 940 2542 technographi
967 2465 1091 2524 auctoris
1114 2465 1224 2525 verbis:
1259 2462 1311 2523 καὶ
1341 2461 1379 2524 τὸ

208 2567 303 2650 ἡρῷον
326 2555 435 2636 ηὔξησε
463 2564 514 2625 καὶ
535 2564 570 2626 τὸ
592 2552 792 2651 προςοδιακὸν
815 2567 853 2636 εἰς
880 2562 915 2625 τὸ
938 2562 1077 2648 κρητικὸν
1106 2563 1228 2626 ἐνέτεινε
1251 2567 1296 2628 vel
1326 2565 1380 2628 καὶ

208 2674 244 2745 τᾷ
266 2669 361 2750 ἡρῷον
391 2656 517 2738 ηὔξησεν
545 2672 584 2740 εἰς
611 2666 646 2728 τὸ
674 2654 813 2752 κρητικὸν
841 2666 977 2738 ἐντείνας.
1021 2667 1059 2728 Et
1086 2678 1163 2729 recte
1191 2670 1270 2731 illam
1293 2671 1380 2732 heroi

209 2773 285 2832 aucti
307 2773 336 2830 in
358 2771 558 2849 prosodiacum
582 2778 611 2831 ct
633 2772 769 2831 creticum
792 2772 979 2834 intentionem
1002 2790 1060 2831 uua
1084 2773 1167 2832 metri
1188 2772 1279 2833 forma
1304 2775 1381 2834 com·

208 2873 442 2951 prehendendam
458 2880 557 2950 negat:
581 2873 639 2933 tale
661 2876 737 2933 euim
759 2851 921 2933 monstrum
935 2873 1109 2934 Archilocho
1133 2878 1241 2936 auctori
1264 2874 1382 2953 elegan-

145 2968 147 2972 ⁴
204 2977 320 3037 tissimo
349 2977 412 3054 quis
434 2977 577 3052 imputare
605 2977 729 3037 audeat?
773 2977 834 3036 Neo
861 2978 956 3036 minus
984 2983 1060 3036 recte
1083 2977 1244 3054 prosodiaci
1272 2966 1380 3040 nomen

211 3079 306 3139 ordini
329 3079 453 3138 vindicat
475 3079 667 3156 anapaestico.
711 3078 773 3139 Hoc
801 3081 877 3139 enim
900 3079 1160 3155 probabilissimum
1182 3080 1229 3155 fit,
1260 3082 1285 3141 si
1308 3083 1376 3160 quis

210 3189 336 3242 veterum
370 3183 536 3241 testimonia
558 3213 605 3232 —-.
621 3182 736 3241 omissis
770 3183 823 3255 iis,
858 3200 932 3260 quaa
965 3182 1051 3242 nimis
1085 3183 1206 3242 obscura
1238 3184 1381 3259 praebent

211 3283 296 3343 Dion.
321 3282 387 3342 Hal.
410 3283 445 3343 de
469 3303 559 3361 comp.
578 3276 653 3361 v.'p.
671 3287 709 3343 48
733 3289 761 3344 et
782 3283 901 3343 Aristid.
927 3283 1023 3359 Quint.
1047 3283 1058 3343 l
1080 3304 1108 3361 p.
1126 3287 1163 3344 39
1181 3320 1218 3329 -
1238 3303 1272 3344 ex
1296 3285 1380 3346 libris

53 3454 58 3465 Ι
103 3421 105 3425 <
211 3374 304 3463 Heph.
328 3404 356 3462 p.
380 3388 419 3445 28
443 3391 472 3446 et
494 3388 533 3446 48
557 3405 654 3463 sequ,
684 3386 754 3446 Mar.
778 3387 850 3447 Vict.
875 3405 901 3463 p.
929 3388 1002 3458 1⁶23,
1037 3386 1109 3459 Plot.¹
1131 3406 1158 3464 p.
1183 3389 1262 3462 545¹,
1286 3389 1378 3449 schol.

210 3489 246 3547 ad
267 3486 413 3564 Aristoph.
439 3487 492 3547 Av.
518 3490 576 3548 737
603 3494 632 3547 et
654 3484 727 3548 Nub.
754 3492 812 3548 653
837 3494 971 3572 congesta
998 3489 1107 3564 integro
1136 3489 1241 3549 iudicio
1263 3509 1381 3568 compa·

209 3598 254 3651 rat
276 3596 305 3650 et
325 3590 483 3667 perpendit.
528 3590 602 3666 Quid
624 3592 699 3669 quod
722 3593 784 3668 ipse
808 3590 981 3650 Ritschelius
1003 3611 1030 3669 p.
1057 3593 1117 3652 284
1141 3591 1302 3670 prosodiaci
1325 3611 1378 3654 no-

209 3712 274 3753 men
298 3694 461 3769 anapaestis
485 3693 577 3772 primo
601 3693 722 3753 inditum
746 3692 918 3770 profitetur?
953 3691 1008 3752 Sed
1032 3695 1130 3754 cretici
1152 3696 1266 3756 nomino
1289 3695 1380 3757 timeo

199 3775 248 3856 'ne
283 3795 418 3855 audacius
447 3814 533 3874 qoam
561 3798 653 3856 verius
686 3795 868 3872 intellegatur
898 3796 1124 3874 ithyphallicum.
1169 3797 1268 3876 Neque
1298 3800 1379 3859 enim

212 3904 320 3959 veteres
349 3916 468 3976 nsquam
501 3899 557 3958 hoc
585 3899 754 3959 confirmant
781 3903 831 3958 aut
858 3898 1021 3974 significant
1053 3904 1095 3972 et,
1129 3919 1186 3978 quo
1219 3901 1302 3960 nixus
1335 3906 1382 3963 est

211 4000 365 4076 BergkiuS,
398 4000 578 4077 grammatici
605 4001 685 4062 locus
714 4001 744 4060 in
771 3999 855 4060 Keilii
888 4001 964 4061 anal.
987 4020 1015 4079 p.
1042 4003 1081 4060 10
1102 4003 1278 4080 exscriptus,
1312 4022 1397 4065 con·.

209 4106 336 4164 iacturae
358 4102 397 4161 illi
420 4102 504 4180 plane
520 4103 632 4163 videtur
653 4104 809 4188 adversari.
839 4100 884 4161 An
906 4102 968 4161 fieri
991 4104 1116 4180 potuisse
1138 4113 1233 4181 putas,
1256 4111 1288 4166 ut
1310 4112 1381 4183 post

212 4205 412 4265 Aristoxenum
435 4211 580 4265 auctorem
604 4207 633 4263 in
655 4206 704 4265 illa
726 4211 787 4265 arte
809 4205 977 4281 principem,
1000 4207 1048 4283 qui
1064 4206 1261 4266 ditrochaeum
1283 4208 1380 4270 nomi-

214 4316 331 4369 naverat
353 4307 505 4382 creticum,
540 4307 613 4366 alius
635 4307 751 4384 qnidam
775 4306 875 4367 eodem
898 4308 994 4366 cretici
1016 4309 1131 4368 nomine
1153 4308 1320 4371 abuteretur
1342 4310 1381 4373 ad

214 4409 428 4488 significandum
457 4407 696 4487 ithyphallicum?
751 4410 872 4470 Accedit
899 4410 974 4488 quod
1003 4412 1077 4470 inter
1105 4410 1322 4490 ithyphallicum
1351 4420 1382 4475 ct
