2864 5002
696 344 731 400 31

617 423 816 431 .—

127 542 253 618 vestigia
275 547 389 602 secutus
404 543 596 604 Rossbachius
617 543 693 602 hanc
708 545 854 603 constituit
869 545 1025 620 stropham,
1047 556 1105 604 non
1121 546 1295 605 conveniunt

129 661 199 703 cum
220 644 360 704 omnibus
376 645 465 704 schol.
489 645 527 703 ad'
546 645 628 704 Pind.
649 645 692 705 01.
711 645 766 729 JX,
795 651 819 719 l,
844 646 946 723 quibus
968 646 1028 704 nixi
1049 645 1097 705 alii
1124 647 1209 706 aliam
1227 646 1295 725 pro·
1409 713 1413 723 ,

128 752 292 824 posuerunt
315 747 416 826 hymni
437 747 567 807 formam.
605 748 643 808 Et
665 747 835 811 cantilenam
858 749 972 826 quidem
995 747 1121 828 plerique
1143 750 1180 809 ad
1203 769 1294 810 exem-

128 848 212 926 plum
236 848 283 924 §6
307 855 495 925 congruenter
517 851 655 927 praebent
676 851 765 910 hanc:

336 934 382 1009 Ὦ
403 949 555 1010 καλλίνικε
577 948 654 1035 χαῖρ’
675 940 751 1021 ἄναξ
771 944 930 1034 Ἡράκλεες
1023 1010 1024 1014 ,

337 1051 432 1124 Αὐτός
454 1040 487 1113 di
509 1053 560 1113 καὶ
583 1049 691 1126 Ἰόλαος
713 1051 846 1139 αἰχμηταὶ
869 1048 931 1131 δύο,

130 1157 192 1217 nisi
212 1156 288 1234 quod
310 1156 449 1233 Bergkius
477 1159 552 1217 inter
572 1157 669 1235 plures
696 1159 877 1218 recensiones
905 1159 1032 1236 principe
1059 1157 1123 1217 loco
1145 1177 1207 1218 eam
1230 1178 1295 1236 pro·

131 1260 245 1340 posuit,
279 1279 336 1338 qna
368 1260 405 1320 ad
436 1259 521 1319 fidem
555 1243 570 1335 ξ
594 1263 685 1320 2-4
713 1262 939 1320 interiectionem
969 1249 992 1316 ὦ
1025 1265 1091 1319 ante
1124 1261 1294 1320 vocabulum

131 1359 287 1421 καλλίνικε
310 1363 425 1423 omittit.
469 1364 575 1422 Verum
597 1365 632 1423 de
655 1384 739 1424 versu
761 1363 933 1436 intercalari,
956 1363 1031 1440 quod
1055 1363 1159 1424 dicitnr
1180 1366 1296 1443 ephym-

131 1466 229 1540 nium,
264 1467 363 1525 omnes
390 1466 465 1526 inter
493 1487 524 1526 se
552 1467 722 1544 discrepant.
768 1466 856 1525 Totas
886 1467 922 1525 de
943 1466 999 1525 hac
1018 1485 1051 1525 re
1073 1467 1228 1533 sententias
1250 1487 1296 1526 ex·

85 1564 88 1569 ’
131 1568 274 1629 scribere·
294 1568 410 1644 longum
432 1575 491 1641 est;
530 1570 596 1646 plus
632 1588 715 1648 quam
748 1569 819 1627 satis
846 1569 959 1627 videtur
990 1570 1026 1629 de
1058 1570 1093 1628 iis
1121 1571 1296 1645 significasse
1335 1636 1346 1663 ο

129 1672 213 1730 haec.
258 1670 376 1730 Duobus
405 1669 564 1730 cantilenae
591 1670 720 1730 versibus
749 1670 894 1730 Liebelius
917 1671 1064 1747 praemisit
1085 1672 1214 1732 voculam
1233 1667 1294 1739 Tt-

131 1772 242 1847 νελλα,
266 1773 418 1833 Elmsleius
441 1773 587 1833 subiunxit
608 1775 694 1833 verba
716 1767 856 1838 Τήνελλα
878 1770 1046 1849 καλλίνικε,
1081 1780 1179 1834 contra
1201 1774 1295 1850 singu·
1364 1786 1372 1811 ³

130 1874 177 1935 los
199 1874 298 1934 versus
330 1876 455 1952 disiungi
488 1876 639 1935 voluerunt
659 1875 691 1934 Ε.
715 1876 750 1934 de
772 1873 907 1935 Leutsch.
940 1876 970 1934 in
998 1875 1071 1935 Phil.
1095 1875 1150 1951 XI,
1183 1880 1240 1936 731
1266 1882 1295 1935 et

131 1977 275 2055 Bergkius
297 1978 327 2036 in
350 1977 414 2037 aliis
429 1978 642 2038 recensionibus
664 1976 704 2037 ad'
722 1977 755 2036 fr.
775 1981 832 2038 119
857 1979 1005 2038 subiectis:
1029 1979 1075 2038 hic
1097 1980 1176 2056 prius
1191 1979 1294 2038 distro-

131 2080 224 2158 pham
245 2079 370 2139 reddidit
392 2098 505 2142 carmen
527 2070 646 2141 adiectis
668 2081 761 2139 verbis
784 2074 924 2146 Τόνελλα

606 2243 608 2248 ,
783 2176 945 2240 Καλλίνικε
968 2189 1033 2265 χαῒρ
1057 2169 1132 2250 ἅναξ
1154 2174 1226 2264 Hp,

131 2291 200 2363 post
226 2287 411 2362 tristropham
440 2286 596 2363 praemisso
624 2285 775 2362 ephymnio
805 2278 946 2350 Τήνελλά
974 2282 1125 2342 καλλίνικε
1155 2290 1184 2343 et
1212 2303 1295 2344 versu
1352 2295 1355 2301 '

131 2389 229 2466 priore
250 2408 314 2449 cum
337 2389 488 2466 ephymnio
511 2407 562 2446 suo
584 2389 613 2446 in
635 2387 692 2445 fine
711 2388 842 2463 repetito,
864 2385 913 2446 ille
935 2387 1001 2447 huic
1024 2388 1117 2447 eidem
1139 2386 1293 2464 ephymnio

131 2495 180 2550 ter
200 2491 338 2551 collocato
367 2491 523 2550 cantilenae
546 2509 645 2548 versus
674 2490 855 2564 interposuit,
885 2489 926 2548 ita
952 2494 985 2548 ut
1011 2491 1145 2566 strophae
1173 2490 1294 2548 formam

132 2597 251 2654 omnino
272 2593 443 2669 neglegeret.
481 2593 523 2651 Ex
545 2593 590 2651 his
612 2591 883 2651 conformationibus
905 2590 999 2649 unam'
1013 2590 1131 2668 reliquis
1152 2591 1295 2668 praeferre

132 2691 250 2756 difficile
271 2701 324 2755 est.
367 2694 461 2755 Aliam
484 2696 558 2754 viam
585 2695 690 2753 institit
711 2692 902 2770 Westphalius
930 2694 960 2752 in
981 2693 1048 2752 hist.
1073 2711 1145 2751 mus.
1168 2713 1198 2770 p.
1226 2698 1294 2764 134,

131 2798 186 2858 ubi
207 2798 278 2857 duos
296 2797 408 2874 profert
430 2816 536 2868 versus,
560 2815 680 2874 quorum
704 2796 805 2873 prioris
826 2795 918 2854 forma
941 2796 1076 2854 convenit
1097 2813 1160 2853 cnm
1183 2795 1217 2854 fr.
1235 2798 1293 2855 120

134 2918 171 2961 ex
190 2899 338 2960 Iobacchis
361 2905 488 2959 servato:

85 3062 87 3069 ,
317 2996 478 3066 ιΤόνελλα
500 2997 667 3070 καλλίνικος
689 2996 723 3071 ὦ,
766 2993 854 3083 χαῖρ’
876 2986 952 3065 όίναὶ
973 2992 1143 3082 Ἡράκλεες.

85 3110 87 3137 ⁵
133 3105 288 3166 Praeterea
316 3105 484 3164 intercalare
511 3103 581 3162 illud
608 3098 739 3168 τήνελλα
766 3121 800 3161 ex
827 3101 957 3179 populari
988 3103 1092 3180 repetit
1119 3101 1294 3162 Graecorum

136 3209 291 3288 ephymnio
314 3206 463 3285 Olympiae
484 3206 653 3284 iampridem
675 3205 788 3279 usitato,
812 3203 841 3262 id
857 3205 933 3281 quod
955 3205 1056 3281 probat
1070 3202 1209 3279 Bergkius
1231 3223 1258 3280 p.
1274 3203 1294 3262 l.

111 3296 116 3307 ’
136 3330 177 3387 gr.
199 3313 231 3371 in
256 3311 320 3370 add.
344 3318 373 3369 et
395 3311 498 3386 corrig.
522 3328 550 3386 p.
570 3311 659 3369 r377.
688 3306 823 3367 Attamen
846 3307 924 3366 locus
947 3307 1018 3367 satis
1040 3305 1162 3367 difficilis
1183 3306 1296 3365 videtur
1347 3345 1351 3353 -

136 3413 192 3474 alia
220 3412 413 3491 expediendus
438 3431 502 3471 esse
523 3413 651 3485 ratione,
682 3428 767 3488 quam
788 3411 910 3486 praeivit
930 3409 962 3468 L.
986 3410 1021 3469 de
1037 3407 1132 3487 Sybel.
1156 3411 1185 3467 in
1208 3427 1295 3467 anna·

137 3515 212 3575 libus
239 3518 288 3594 qui
317 3515 512 3574 inscribuntur
541 3511 698 3588 ,Hermes“
721 3511 745 3568 V
766 3531 794 3589 p.
821 3514 878 3573 192
902 3532 925 3572 s.
955 3512 992 3586 (a.
1025 3508 1126 3588 1871).
1169 3509 1296 3570 Exorsus

137 3620 213 3678 enim
235 3636 253 3678 a
273 3617 390 3678 Pindari
410 3617 473 3678 loco
497 3616 542 3677 Ol.
557 3615 606 3687 IX,
627 3619 641 3674 1
665 3614 756 3674 multa
776 3615 824 3674 ille
845 3616 979 3692 protulit,
1005 3633 1080 3693 quae
1100 3615 1229 3693 accipere
1251 3632 1296 3672 me

136 3721 216 3782 iuvat
237 3727 266 3781 et
287 3720 418 3797 pluribus
439 3720 582 3797 persequi.

219 3823 362 3883 Pindarus
388 3827 421 3881 nt
441 3822 625 3899 Epharmosti
654 3821 809 3881 celebraret
836 3821 999 3894 victoriam,
1033 3820 1142 3880 maiore
1170 3823 1296 3882 carmine

134 3945 208 4005 opus
233 3944 296 3986 esse
324 3924 390 3984 inde
417 3943 434 3984 a
456 3942 539 3984 versu
562 3925 661 4002 quinto
683 3932 773 3984 semet
793 3925 856 4002 ipse
883 3925 1009 3983 monuit:
1042 3928 1108 3982 ante
1128 3942 1196 3984 vero
1218 3924 1295 3984 suffi-

132 4029 239 4104 ciebat,
261 4028 364 4106 inquit,

438 4124 483 4216 To*
507 4124 559 4211 μὲν
582 4125 756 4217 Ἀρχιλόχου
779 4125 867 4211 μέλος

173 4270 177 4279 ι
288 4237 403 4313 φωνᾶεν
425 4225 587 4313 Ὀλυμπία,
612 4229 780 4299 καλλίνικος
802 4231 818 4288 ό
840 4225 976 4312 τριπλόος
998 4214 1160 4312 κεχλαδώς,

287 4328 393 4416 ἄρκεσε
416 4329 539 4416 Κρόνιον
560 4337 629 4416 παρ’
653 4327 743 4416 όχθον
765 4332 963 4418 ἁγεμονεῦσαι

289 4424 458 4519 κωμάζοντι
481 4434 574 4518 ρίλοις
597 4430 792 4518 Ἐφαρμόστῳ
816 4429 867 4492 σὺν
889 4432 1020 4518 ἑταίροις.
