2864 5002
774 368 812 426 22

691 450 891 457 ——.-.-

257 573 291 628 A.
320 565 373 635 τήν
395 573 456 627 τῶν
477 564 640 653 τριμέτρων
662 563 854 651 ῥυθμοποιίαν
876 557 1043 652 τροςεξεῢρε

261 671 294 731 Β.
321 667 371 729 καὶ
392 667 448 736 τὴν
470 672 509 740 εἰς
530 668 678 752 τοὺςούχ
698 669 848 755 ὁμογενεῖς
871 666 998 756 ρυθμοὺς
1020 672 1134 730 ἔντασιν

208 773 213 784 ’
261 771 294 833 0.
322 769 373 830 καὶ
394 768 450 837 τὴν
472 767 729 856 παρακαταλογήν

211 905 215 911 ·
257 875 292 934 D.
323 871 373 932 καὶ
397 868 450 938 τὴν
472 871 536 955 περὶ
558 877 656 930 ταῦτα
679 877 802 955 κροῦσιν.

215 970 261 1037 Α’.
284 968 397 1059 Πρώτῳ
420 960 453 1033 δὲ
476 973 560 1052 αὐτῷ
582 971 622 1033 τά
636 970 662 1033 τ’
678 960 781 1051 ἐπῳδαὶ
803 972 853 1033 καὶ
875 971 915 1034 τὰ
936 971 1123 1059 τετράμετρα
1138 974 1189 1035 καὶ
1204 975 1238 1034 τό
1257 992 1378 1057 προκρι-

335 1072 424 1135 τυιὸν
456 1074 507 1134 καὶ
540 1074 575 1136 τὰ
608 1062 800 1158 προςοδιακόν
834 1063 1017 1136 ἀποδέδοται
1049 1074 1099 1136 καὶ
1127 1079 1145 1145 ἠ
1174 1081 1228 1136 τοῦ
1257 1073 1377 1159 πρώτου

344 1167 473 1256 αὔξησις,
494 1174 542 1239 ὑπ’
557 1178 639 1238 ἐνίων
663 1163 696 1236 δὲ
719 1176 770 1237 καὶ
792 1175 827 1238 τὸ
850 1179 988 1264 ἐλεγεῖον.

216 1274 259 1341 Β’.
281 1273 361 1361 Πρὸς
390 1266 424 1339 δὲ
449 1276 566 1350 τούτοις
593 1275 669 1346 ἥτε
695 1287 749 1340 τοῦ
771 1276 905 1365 ἰαμβείου
927 1277 998 1364 πρὸς
1019 1276 1070 1340 τον
1094 1278 1234 1360 ἐπιβατὸν
1260 1277 1380 1340 παίωνα

347 1382 462 1450 ἔντασις
488 1379 539 1442 καὶ
561 1383 580 1449 ἡ
601 1389 655 1442 τοῦ
678 1371 843 1469 ηὐξημένου
865 1379 962 1465 ἡρῴου
990 1383 1029 1454 είς
1053 1402 1087 1442 τε
1109 1380 1160 1441 τὸν
1186 1369 1380 1466 προςοδιακόν

346 1480 397 1542 καὶ
418 1478 470 1541 τὸν
491 1480 639 1566 κρητικόν.

221 1577 263 1647 G'.
291 1579 361 1645 Ἔτι
384 1571 418 1644 δὲ
438 1590 498 1658 τῶν
521 1582 662 1670 ἰαμβείων
685 1582 719 1645 τὸ
742 1582 781 1645 τοὶ
797 1581 849 1672 μὲν
864 1581 1006 1672 λέγεσθαι
1020 1571 1101 1672 ταρὰ
1121 1585 1176 1654 τὴν
1192 1591 1320 1670 κροῦσιν,
1343 1581 1382 1644 τὰ

347 1671 381 1746 δὲ
402 1672 528 1766 ᾄδεσθαι
544 1680 715 1771 Ἀρχίλοχόν
736 1705 806 1768 φασι
826 1677 1010 1759 καταδεῖξαι,
1036 1683 1103 1765 [εἷθ’
1118 1686 1197 1748 οὕτω
1213 1683 1382 1773 χρήσασθαι

347 1785 417 1859 τοὺς
437 1785 595 1874 τραγικοὺς
616 1787 756 1866 ποιητάς,
784 1778 896 1873 Κρέξον
919 1777 953 1849 δὲ
975 1789 1108 1870 λαβόντα
1137 1793 1176 1861 εἰς
1199 1777 1383 1873 διθύραμβον

349 1896 450 1976 χρῆσιν
472 1890 618 1976 ἀγαγεῖν]
968 1883 970 1888 ⁴

223 1989 270 2055 D'.
293 1986 419 2052 Οίονται
447 1979 481 2051 δὲ
507 1991 558 2052 καὶ
584 1991 639 2060 τὴν
662 2000 776 2077 κροῦσιν
798 1991 853 2062 τὴν
875 1991 930 2053 ὑπὸ
952 1992 1008 2061 τήν
1032 1983 1112 2071 ᾠδὴν
1135 1999 1242 2052 τοῦτον
1264 1999 1384 2075 πρῶτον
1424 2020 1426 2035 =

323 2093 327 2101 “
351 2096 454 2178 εὑρεῖν,
479 2089 561 2175 [τοὺς
583 2081 608 2154 δ’
624 2095 762 2180 ἀρχαίους
782 2092 896 2166 πάντας
917 2083 1080 2180 πρόςχορδα
1104 2092 1239 2179 repetent

301 2198 387 2258 Vides
416 2197 503 2271 igitur
530 2199 620 2276 primo
648 2200 710 2259 loco
739 2199 862 2260 breviter
891 2200 1050 2259 enumerari
1077 2205 1210 2276 quattuor
1231 2201 1387 2277 praecipua

225 2304 357 2374 inventa,
388 2318 460 2378 quae
486 2301 597 2377 primus
624 2302 708 2361 huius
736 2310 903 2381 conspectus
930 2307 1028 2362 auctor
1054 2303 1090 2362 ab
1113 2301 1275 2362 Aristoxeni
1298 2307 1331 2362 ut
1345 2303 1388 2361 vi·

228 2404 312 2464 detur
333 2401 481 2479 disciplina
497 2403 635 2462 oriundus
658 2403 788 2481 pluribus
809 2405 884 2464 infra
906 2404 1045 2482 explicare
1068 2405 1175 2463 studuit
1191 2410 1219 2463 et
1234 2404 1386 2464 illustrare.

224 2505 292 2568 vid.
309 2499 474 2582 Westphalii
502 2510 600 2565 contra
629 2508 736 2583 priores
762 2508 818 2567 loci
845 2507 1015 2584 interpretes
1039 2507 1258 2584 disputationem
1287 2508 1319 2566 in
1342 2507 1387 2565 ed.

226 2628 256 2687 p.
274 2611 312 2670 18
330 2614 360 2668 et
373 2625 452 2685 sequ,
468 2615 554 2685 atque
576 2609 665 2668 harm.
684 2627 725 2685 gr.
741 2629 768 2687 p.
786 2610 825 2669 56
850 2615 878 2669 et
900 2627 989 2687 sequ..
1024 2608 1080 2669 Sed
1103 2610 1150 2670 hic
1172 2612 1246 2670 sicut
1267 2609 1334 2672 aliis
1356 2607 1387 2668 li·

228 2710 296 2772 belli
324 2711 453 2790 partibus
486 2712 655 2772 Plutarchus
689 2717 739 2771 aut
771 2713 895 2773 auctoris
930 2712 974 2770 sui
1007 2712 1097 2771 verba
1129 2696 1310 2789 neplegentia
1343 2710 1388 2770 vel

147 2854 158 2871 ι
228 2835 323 2878 rerum
332 2866 339 2881 ,,
349 2809 500 2875 inscientia
528 2815 668 2876 adductus
695 2834 844 2894 perperam
873 2816 995 2876 mutavit
1023 2820 1072 2874 aut
1097 2815 1216 2875 aliorum
1240 2819 1389 2873 auctorum

229 2919 393 2979 testimonia
419 2922 526 2976 temere
552 2918 681 2994 ingessit.
731 2919 829 2996 ltaque
855 2919 917 2978 fieri
945 2920 1051 2997 potuit,
1080 2924 1112 2977 ut
1138 2918 1312 2995 posteriores
1334 2915 1389 2975 loci

231 3016 265 3084 θ’
287 3026 316 3081 et
337 3015 373 3080 D'
395 3028 509 3099 praeter
531 3023 726 3083 additamenta
746 3021 884 3081 historica
904 3023 986 3081 uncis
1009 3040 1026 3081 a
1047 3040 1092 3080 me
1113 3020 1225 3079 incluse
1247 3038 1312 3078 cum
1335 3020 1390 3096 pri-
1424 3068 1426 3079 ,

137 3102 143 3119 ’
231 3125 330 3186 oribus
352 3125 375 3187 G
398 3133 426 3186 et
446 3127 472 3187 D
495 3127 579 3204 plane
601 3127 800 3201 convenirent,
824 3119 859 3183 A'
882 3130 975 3184 antem
998 3129 1027 3184 et
1048 3117 1081 3183 B'
1104 3142 1168 3182 cum
1190 3121 1260 3181 locis
1284 3120 1391 3181 AetB
1424 3102 1426 3231 Ι

232 3228 451 3289 multominus:
477 3231 569 3308 primo
596 3229 658 3290 loco
680 3224 715 3289 A'
738 3227 822 3305 plura
848 3227 989 3286 inculcata
1012 3231 1094 3297 sunt,
1123 3243 1196 3303 quae
1225 3223 1326 3284 eadem
1349 3221 1393 3282 vel
1424 3234 1426 3297 Ι

200 3400 203 3406 ⁴
235 3350 355 3411 quorum
376 3332 520 3392 simillima
542 3332 631 3393 altero
647 3326 680 3392 B'
695 3315 870 3408 repetuntur,
893 3335 1098 3408 praetereaque
1113 3327 1250 3388 nonnulla
1270 3328 1312 3387 ita
1327 3331 1394 3386 sunt
1424 3310 1426 3409 ί

234 3439 411 3512 comparata,
443 3440 476 3495 ut
505 3436 573 3514 qnid
604 3436 657 3495 sihi
685 3434 773 3493 velint
799 3452 898 3510 parum
920 3432 1117 3510 perspiciatur.
1163 3429 1243 3505 Quae
1265 3448 1329 3488 cum
1353 3430 1394 3487 ita
1424 3444 1426 3489 i

235 3537 307 3611 sint,
332 3536 498 3598 testimonia
524 3558 557 3599 ea
585 3542 697 3616 oportet
723 3536 858 3597 adhibere
881 3542 909 3596 et
931 3534 1115 3613 perpendere,
1139 3552 1211 3611 quae
1235 3533 1282 3591 alii
1306 3532 1395 3608 scrip-

216 3638 312 3704 Lares
334 3641 369 3700 de
391 3641 436 3700 his
456 3641 541 3701 rebus
564 3647 721 3718 suggerunt
741 3642 822 3718 copia
845 3645 872 3698 et
893 3641 1043 3697 maximam
1066 3643 1174 3714 partem
1190 3635 1395 3713 perspicuitate

236 3744 452 3803 iucundissima.
497 3743 552 3804 Sed
575 3745 645 3804 haec
673 3763 728 3804 non
751 3743 905 3804 secundum
928 3742 1056 3801 ordinem
1073 3739 1223 3799 verborum
1238 3737 1395 3812 Plutarchi,

237 3866 335 3907 verum
364 3848 401 3907 ad
429 3847 542 3924 singula
568 3847 733 3906 Archilochi
761 3852 852 3906 metra
881 3862 1035 3922 congerere
1062 3843 1164 3920 placet.
1214 3839 1293 3916 Quae
1320 3841 1396 3899 euim

236 3951 293 4017 hoc
323 3952 352 4010 in
375 3969 477 4027 genere
498 3950 534 4011 ab
557 3949 728 4010 Archilocho
749 3956 855 4010 novata
876 3956 952 4022 sunt,
975 3966 1008 4006 ea
1029 3947 1083 4004 etsi
1104 3944 1216 4020 saepius
1239 3943 1398 4019 composita

239 4053 424 4114 inveniuntur
445 4055 475 4114 in
497 4053 578 4114 libris
600 4055 635 4114 de
657 4059 783 4113 veterum
805 4053 935 4113 doctrina
957 4050 1075 4110 metrica
1096 4047 1217 4124 scriptis,
1240 4052 1335 4105 temen
1351 4045 1398 4104 hic

241 4174 325 4234 quam
348 4157 513 4217 brevissime
541 4159 572 4218 in
594 4163 775 4235 conspectum
798 4155 959 4215 revocanda
980 4152 1049 4211 mihi
1071 4139 1212 4223 videntur,
1235 4148 1396 4225 quodcum

241 4261 337 4320 omnia
364 4261 424 4320 eius
453 4262 568 4322 inventa
594 4261 743 4339 complecti
763 4276 858 4318 meum
880 4261 925 4317 est
945 4261 1005 4315 tum
1027 4253 1164 4315 nonnulla
1185 4251 1267 4311 aliter
1287 4248 1398 4308 intelle-

242 4368 335 4465 genda
357 4367 424 4442 puto
446 4383 479 4424 ac
501 4363 587 4439 vulgo
611 4365 703 4426 solent
723 4361 858 4436 intellegi.
