2864 5002
697 349 736 406 47

613 431 814 438 ——w—

129 542 248 612 babilla.
278 551 353 617 Nam
375 570 512 627 paeonem
536 552 690 630 epibatum,
714 569 798 628 quem
821 569 855 609 ex
878 550 967 608 Arist.
984 547 1080 623 Quint.
1104 548 1143 608 de
1163 568 1234 609 mus.
1256 552 1292 610 39

129 687 173 696 ——
190 655 240 714 eir.
265 654 397 715 hlartian.
414 653 524 733 (lapell.
548 656 583 715 de
605 675 634 715 n.
655 655 703 732 ph.
727 674 754 731 p.
775 655 832 713 196
856 653 892 713 ll.
915 659 944 711 et
966 651 1051 712 Marii
1065 653 1136 712 Vict.
1152 672 1181 730 p.
1199 655 1238 712 49
1254 685 1295 695 -

128 764 264 818 constare
287 758 478 835 comperimus
500 760 535 816 ἐκ
558 762 672 842 μακρᾶς
693 751 803 825 θέσεως
825 752 875 813 καὶ
899 760 1012 838 μακρᾶς
1035 748 1146 838 ἄρτεως
1168 753 1219 813 καὶ
1242 742 1295 813 boo

130 865 254 945 μακρῶν
276 855 388 918 θέσεων
411 858 461 918 καὶ
484 865 597 943 μακρᾶς
612 854 734 936 ἄρσεως,
756 860 796 920 ita
818 864 851 919 ut
871 859 994 918 inversis
1016 877 1095 918 moro
1106 859 1296 919 recentiorum
1380 922 1385 933 .

128 964 298 1023 nominibus
321 959 359 1040 (v.
383 964 488 1026 Christ.
511 961 528 1037 ξ
551 963 603 1037 59)
627 963 806 1039 diagramma
829 963 955 1022 sithoc:

133 1289 168 1330 ex
189 1269 335 1330 Plutarchi
357 1271 450 1347 capite
475 1274 522 1346 10,
546 1289 720 1350 quamquam
748 1273 809 1331 eius
832 1229 923 1359 verba!
940 1272 1075 1346 corrupta
1097 1274 1178 1343 sunt,
1200 1273 1297 1328 tamen

134 1375 170 1434 ab
193 1373 364 1433 Archilocho
387 1374 607 1435 abiudicandum
630 1379 659 1434 et
681 1373 796 1453 Olympi
818 1375 947 1434 tibicinio
980 1379 1138 1450 posteaque
1160 1370 1298 1430 Thaletae

133 1477 320 1537 tribuendum
342 1478 551 1553 cognoscimur.
596 1476 736 1553 Bergldus
764 1479 793 1536 in
816 1477 876 1537 ind.
900 1476 990 1537 schol.
1012 1496 1036 1536 s.
1058 1474 1078 1535 l.
1102 1476 1220 1552 paeonis
1241 1493 1298 1534 me·

134 1580 325 1639 morationem
349 1579 416 1639 inde
441 1581 552 1658 repetit,
574 1581 652 1658 quod
674 1585 773 1640 auctor
787 1578 933 1640 Plutarchi
954 1579 1050 1639 fallaci
1065 1579 1189 1656 quadam
1204 1578 1298 1655 specie

134 1682 266 1742 inductus
292 1692 416 1760 paeones
444 1682 669 1761 deprehendisse
697 1684 752 1744 sibi
773 1684 851 1743 visus
880 1684 969 1742 sitin
999 1683 1096 1742 metris
1117 1682 1174 1742 alio
1195 1699 1312 1757 genere,

135 1783 310 1862 compositis.
339 1783 430 1859 Quam
454 1786 490 1845 ob
512 1805 573 1846 rem
588 1786 761 1846 Archilocho
784 1787 895 1859 tribuit,
918 1804 990 1862 quoe
1012 1785 1106 1845 adhuc
1126 1803 1211 1844 nemo
1234 1789 1300 1843 ante

134 1887 342 1964 Hipponactem
376 1889 491 1963 statuit,
525 1907 626 1949 versus
654 1889 770 1949 claudos
798 1889 933 1948 similiter
958 1888 1040 1948 fictos
1069 1892 1155 1966 atque
1181 1886 1229 1946 hic
1262 1886 1300 1945 sit

133 1990 280 2068 Euripidis
304 1989 416 2066 (fragm.
439 1990 495 2050 inc.
522 1984 595 2072 136)
619 1991 767 2068 paululum
790 1996 931 2051 mutatus:

379 2085 472 2170 Έῷὸς
494 2086 567 2175 ‘dorp'
589 2088 716 2164 ἱππότας
755 2089 760 2172 Ι
791 2081 942 2175 ,ἑξέλαμψ
959 2088 1063 2173 ἀστήρ.

136 2295 194 2358 Sed
219 2298 283 2376 quis
308 2299 498 2359 coniecturam
523 2299 608 2360 talem
625 2300 747 2376 accipiat
768 2301 862 2376 ipsam
884 2318 998 2377 quoque
1020 2288 1189 2358 choliambis
1210 2295 1301 2355 archi-

133 2399 243 2459 loeheis
265 2419 323 2459 non
344 2402 465 2477 repertis
487 2402 537 2461 sed
560 2401 695 2462 coniectis
717 2388 848 2463 nixaml'
911 2424 913 2429 ·

220 2503 281 2562 Nec
304 2503 399 2563 minus
415 2505 536 2564 obscura
558 2511 603 2565 est
624 2506 642 2571 τ’.
664 2510 718 2563 τοῦ
734 2491 902 2590 ηὐξημένου
925 2501 1022 2588 ἡρῴου
1046 2503 1085 2574 εἴς
1106 2521 1141 2562 τε
1163 2498 1198 2560 τὰ
1221 2519 1302 2586 προς-

137 2590 260 2663 οδιακόν
289 2602 339 2663 καὶ
360 2602 396 2664 τὸ
421 2602 559 2689 κρητικὸν
582 2609 705 2690 ἔντασις.
749 2607 873 2668 Heroum
896 2612 1010 2667 auctum
1038 2606 1106 2685 quid
1129 2605 1168 2665 sit
1189 2622 1302 2683 quaque

137 2707 339 2784 probabilitate
364 2708 509 2770 Plutarchi
537 2708 599 2769 loco
626 2702 662 2770 A'
685 2710 868 2771 scribendum
898 2710 1048 2785 videatur,
1079 2726 1166 2786 supra
1187 2708 1303 2768 demon·

138 2810 302 2871 stravimus.
337 2809 382 2888 *Et
403 2808 438 2870 τὸ
466 2796 660 2894 προςοδιακόν
681 2809 734 2890 καὶ
759 2810 795 2872 τὸ
817 2798 956 2895 αρητικόν
984 2812 1086 2873 eodem
1107 2810 1170 2872 loco
1192 2803 1227 2870 A'
1252 2801 1304 2868 Ar·

137 2911 268 2972 chilocho
290 2914 433 2974 tribuitur.
479 2915 551 2975 Nam
575 2915 650 2992 quod
678 2915 745 2975 libri
767 2916 825 2976 illic
847 2915 956 2976 habent
976 2908 1232 2999 τροκριτικόν,’ἰᾶ
1255 2930 1305 2989 per

138 3033 265 3076 errorem
287 3017 399 3085 scribae
431 3019 582 3095 irrepsisse
605 3017 758 3079 verisimile
794 3023 840 3080 est
868 3019 899 3079 in
921 3018 1071 3080 scribendo
1088 3016 1143 3080 illo
1165 3010 1304 3096 κρητικόν

138 3119 174 3178 de
195 3119 379 3180 antecedente
400 3139 455 3201 προ
474 3115 480 3199 Ι
500 3107 634 3190 redeunda
656 3122 759 3182 iterum
784 3122 951 3197 cogitantis.
988 3120 1161 3182 Ritschelius
1183 3121 1213 3180 in
1229 3117 1304 3197 op.l

139 3240 169 3298 p.
187 3223 246 3282 289
270 3223 413 3299 profectus
436 3224 604 3284 a-doctrina
621 3225 813 3299 metricorum,
836 3226 1106 3315 qui-tetrametrum
1128 3224 1304 3284 trochaicum

138 3326 180 3384 ita
207 3331 300 3384 ortum
324 3330 440 3402 putant,
473 3332 506 3387 ut
526 3329 654 3388 trimetro
680 3329 802 3389 iambico
832 3328 1035 3405 praefigeretur
1056 3329 1194 3402 creticus,
1228 3326 1306 3387 velut

139 3434 252 3506 praeter
273 3428 342 3488 ldar.
368 3427 442 3490 vict.
465 3449 493 3507 p.
520 3433 578 3490 135
602 3435 631 3490 et
652 3431 717 3491 Per.
740 3431 830 3491 Maur.
855 3449 883 3508 p.
909 3433 1074 3492 393—395
1107 3435 1228 3491 testatur
1249 3431 1305 3490 Ru·

139 3530 215 3591 finus
237 3550 264 3608 p.
290 3533 364 3592 559:
831 3510 836 3519 ⁴
1055 3587 1077 3616 ¹.

335 3635 468 3697 Oretieon
483 3635 672 3698 Archilochus
696 3657 784 3716 supra
806 3644 894 3716 caput
915 3640 995 3700 addit
1015 3641 1120 3717 iambo,

147 3736 316 3816 adiutusque
331 3738 516 3800 similitudine
528 3759 637 3817 eorum,
651 3760 723 3819 quae
734 3741 828 3802 Diom.
843 3742 932 3803 habet
944 3762 972 3820 p.
986 3746 1046 3804 478
1060 3743 1094 3806 G.
1107 3743 1143 3804 de
1155 3743 1264 3820 origine
1278 3746 1307 3807 et

140 3841 257 3899 nomine
271 3859 368 3901 versus
380 3837 556 3927 πρόβραχυς,
578 3862 743 3920 perversum
761 3843 833 3905 illud
848 3843 1034 3929 προκριτικόν
1054 3849 1158 3909 mutari
1178 3850 1262 3910 iussit
1274 3851 1305 3910 in

141 3938 347 4026 προκρητικὸν.
372 3943 451 4018 Quae
466 3946 585 4006 mutatio
600 3953 633 4006 ut
647 3953 746 4023 staret,
769 3949 857 4009 verba
871 3945 912 4007 τὰ
926 3944 1122 4034 τετράμετρα,
1139 3969 1212 4029 quae
1227 3957 1306 4013 ante-

144 4046 250 4106 cedunt
271 4045 306 4105 de
322 4046 421 4108 eadem
443 4067 474 4108 ro
496 4049 581 4125 dicta,
597 4048 664 4110 ferri
686 4070 744 4112 non
761 4057 908 4129 poterant3
930 4053 1027 4131 itaque
1048 4058 1100 4114 aut
1121 4054 1237 4114 omnino
1259 4054 1306 4116 de

141 4147 227 4207 lenda
248 4152 298 4207 aut
319 4149 348 4207 in
371 4144 410 4206 τά
432 4146 582 4232 τρίμετρα,
607 4153 680 4230 quod
705 4159 828 4214 metrum
849 4156 897 4216 hic
919 4155 1112 4230 desideratur,
1135 4157 1306 4235 corrigenda

142 4254 261 4311 censuit.
306 4250 450 4312 Potuisset
470 4253 591 4314 tortasse
607 4287 648 4298 —-
663 4257 769 4335 quippe
791 4260 975 4320 metricorum
999 4276 1056 4318 non
1078 4259 1303 4338 rhythmicorum

143 4355 264 4430 vestigia
285 4353 414 4430 relegens
438 4388 476 4396 -
499 4356 570 4416 haec
592 4359 679 4418 verba
707 4377 820 4421 servare
846 4362 903 4422 alia
929 4362 1164 4438 interpretatione
1186 4361 1305 4423 difficul-

142 4464 229 4518 tatem
252 4456 307 4517 loci
336 4459 375 4518 ita
397 4460 567 4536 expediens,
601 4465 633 4519 ut
654 4457 693 4520 ταὶ
714 4456 902 4546 τετράμετρα
924 4465 1102 4528 considerato
1123 4462 1227 4546 plurali
1252 4482 1305 4526 no·
