2864 5002
709 323 725 380 t

613 404 814 411 *-

130 518 183 582 τὸν
206 515 358 604 Ἠρακλέα
381 517 459 605 μετὰ
479 518 531 580 τὸν
555 512 649 581 ἆθλον
664 519 779 606 Αὐγέου
804 498 843 591 (in
867 521 1054 582 sollemnibus
1064 521 1210 600 Olympiis
1232 543 1297 584 can-

129 628 231 686 tatus?
253 632 284 683 ut
305 624 386 685 addit
408 625 553 701 Tzetzesl,
582 627 662 686 cuius
689 625 802 685 initium
824 647 866 672 =
887 624 922 684 fr.
941 627 998 684 119
1028 628 1121 684 exstat
1146 643 1211 684 cum
1233 627 1297 686 aliis

130 726 202 786 locis
228 730 289 785 tum
315 728 345 785 in
373 725 488 786 scholiis
519 727 554 786 ad
582 727 662 787 Pind.
687 726 845 799 Nemlll,
870 724 886 786 l
916 732 945 786 et
971 725 1083 804 Olymp.
1100 725 1148 803 IX,
1174 731 1201 788 1.
1250 723 1298 789 Ex

129 829 230 889 eodem
256 829 286 888 in
313 827 465 888 Herculem
491 829 597 908 hymno
625 831 709 889 etiam
738 829 871 889 relictum
905 845 969 888 esse
996 829 1155 906 putaverim
1182 828 1216 889 fr.
1240 831 1279 890 48
1286 855 1295 906 ;

134 949 203 991 nam
228 929 322 1007 „tilius
344 929 444 1001 Martis
467 927 596 992 cruenti“
621 930 734 992 videtur
760 950 822 992 esse
842 930 891 991 ille
913 930 1041 1008 Cycnus,
1064 950 1149 1010 quem
1171 933 1207 992 ab
1229 932 1297 994 Her·

129 1033 194 1093 cule
217 1034 335 1110 eiusque
357 1034 455 1113 auriga
478 1033 562 1094 Jolao
585 1039 717 1094 necatum
740 1033 824 1094 docet
845 1033 966 1093 Hesiodi
989 1030 1108 1094 Scotum
1130 1053 1157 1093 ν.
1175 1038 1213 1096 57
1227 1055 1250 1095 s.
1268 1040 1297 1096 et

130 1137 191 1196 327
205 1153 229 1194 s.
287 1134 324 1194 Et
345 1155 414 1202 sane
436 1137 508 1196 bene
531 1137 654 1215 quadrat
676 1136 810 1197 adhunc
832 1140 971 1217 hymnum
996 1141 1025 1195 et
1045 1140 1168 1196 metrum
1192 1142 1221 1197 et
1240 1138 1297 1216 epi·

128 1237 230 1298 theton
259 1236 338 1315 quod
366 1243 472 1298 vocant
501 1257 617 1316 ornans,
640 1240 676 1299 de
699 1240 803 1318 quibus
824 1238 910 1299 rebus
932 1237 1007 1297 infra
1029 1239 1132 1299 dicam.
1177 1236 1297 1299 Sed-
1333 1252 1343 1281 ⁸

130 1344 163 1400 ut
182 1343 326 1399 testantur
345 1345 477 1400 auctores
493 1341 567 1425 apud
590 1342 746 1420 Berglrium
767 1340 830 1401 loco
856 1343 912 1400 147
937 1339 1047 1400 laudati
1062 1373 1101 1382 —
1116 1339 1188 1402 alias
1211 1342 1298 1401 etiam

131 1441 167 1502 de
194 1440 326 1503 Herculis
352 1443 413 1503 vita
439 1449 469 1503 et
489 1444 636 1504 amoribus
658 1442 888 1504 narratiunculas
910 1449 995 1520 poeta
1017 1443 1123 1519 attigit,
1146 1457 1222 1520 quas¹
1241 1462 1298 1505 non

130 1560 194 1603 esse
215 1561 250 1603 ex
270 1545 377 1623 hymno
399 1545 469 1605 satis
491 1531 618 1624 apparet.
663 1544 727 1620 Quo
749 1547 820 1606 haec
841 1545 992 1606 referenda
1014 1547 1167 1623 putemus?

215 1646 346 1708 Profecto
368 1648 490 1708 strictim
511 1649 601 1709 multa
624 1654 740 1708 narrata
763 1667 826 1709 esse
848 1649 980 1726 equidem
1003 1666 1172 1726 persuasum
1194 1647 1298 1725 habeo,

129 1748 210 1809 velut
230 1748 353 1826 plurima
374 1769 472 1810 eorum
496 1769 569 1829 quae
592 1770 626 1811 ex
647 1750 752 1811 fabulis
778 1750 939 1829 produntur

129 1851 166 1911 fr.
184 1853 222 1912 53
268 1851 387 1912 desero
403 1851 516 1913 Tantali
532 1854 619 1932 capiti
633 1854 801 1913 imminente
819 1849 913 1931 (aliter
923 1851 1066 1912 Homerus
1077 1852 1097 1911 λ
1109 1849 1298 1932 cah-592),

128 1954 166 2016 fr.
186 1955 244 2013 190
266 1954 302 2017 de
317 1954 468 2045 saltatione
483 1955 585 2034 Pyrrhi
600 1957 694 2016 occiso
705 1955 851 2034 Eurypylo
872 1956 916 2032 (σο
925 1955 1009 2016 Ilom.
1021 1955 1041 2014 λ
1053 1952 1124 2033 520)
1137 1954 1298 2032 gaudentis,

128 2057 244 2117 tr.150
266 2056 303 2117 de
324 2056 438 2136 Lynceo
460 2057 554 2119 Danai
576 2059 761 2125 interfectore
782 2057 982 2136 interfectique
1003 2057 1080 2118 tiliae
1094 2059 1198 2118 manto
1212 2057 1298 2134 facto,

131 2158 167 2218 fr.
189 2163 247 2219 114
269 2159 305 2218 de
327 2159 456 2220 Goereno
478 2179 530 2237 per
544 2160 670 2239 Neptuni
684 2161 850 2239 delphinum
866 2178 901 2221 ex
915 2160 1042 2238 periculo
1057 2161 1158 2221 mortis
1172 2166 1298 2238 servato,

133 2261 180 2321 vel
203 2279 238 2321 ex
258 2262 377 2322 historia
400 2280 496 2323 rerum
1076 2264 1085 2281 '
1177 2322 1180 2328 s

130 2363 223 2433 fuae
268 2364 303 2423 de
330 2364 413 2424 malis
442 2365 621 2442 Magnetum,
644 2384 719 2444 quae
740 2365 825 2444 plane
847 2365 986 2445 explicari
1011 2384 1095 2444 posse
1117 2371 1204 2444 negat
1226 2365 1300 2428 Ulri·

125 2455 129 2464 ’
269 2468 331 2527 cius
354 2459 381 2524 ll
403 2468 508 2545 paea
533 2474 592 2528 not.
613 2471 660 2542 19,
1365 2470 1367 2481 “

128 2569 163 2628 fr.
183 2569 242 2628 133
265 2569 301 2628 de
323 2571 499 2646 praestantia
525 2569 619 2647 legum
643 2572 812 2632 creticarum
850 2573 889 2646 tv.
905 2569 989 2632 Hom.
1007 2566 1030 2628 Β
1048 2573 1106 2631 648
1131 2576 1161 2631 et
1181 2590 1201 2629 τ
1216 2570 1299 2648 178),

128 2672 166 2732 fr.
184 2664 250 2733 145Ι
266 2673 302 2732 (1ο
329 2674 473 2751 cuppedia
500 2680 528 2734 et
553 2676 774 2753 intemperantia
799 2676 950 2754 Aethiopis
978 2673 1136 2748 Corinthii,
1164 2675 1298 2753 quicum

270 2777 376 2837 Archia
398 2779 433 2838 ad
454 2778 616 2839 condendas
631 2777 788 2859 Syracusas
805 2781 834 2839 in
851 2778 977 2840 Siciliam
992 2779 1100 2839 vehens
1116 2778 1165 2851 (ol.
1185 2780 1234 2851 11,
1248 2772 1297 2858 31)

271 2887 347 2941 sorte
359 2900 410 2941 sua
421 2901 473 2960 pro
486 2882 616 2961 placenta
623 2882 731 2943 mellita
743 2902 760 2942 a
772 2884 934 2949 convictore
945 2888 1061 2960 accepta
1072 2883 1193 2943 cessisse
1199 2879 1298 2956 fertur,

134 2984 179 3045 vel
202 3003 237 3044 ex
260 2986 385 3046 siderum
409 2987 570 3047 rationibus
593 2987 628 3046 fr.
647 2988 732 3063 l4‚2
755 2987 790 3047 de
812 2988 882 3047 solis
904 2982 1105 3065 defectione*l,

218 3153 244 3219 *l
263 3150 337 3220 Quae
354 3150 400 3205 illo
417 3152 475 3206 loco
493 3152 619 3221 leguntur
636 3151 792 3206 Archilochi
809 3151 903 3206 verba:

385 3269 418 3277 —
436 3269 468 3278 -
488 3268 517 3276 —
537 3269 570 3277 —
588 3236 668 3304 ἐπειδὴ
687 3238 744 3296 Ζεὺς
762 3236 841 3308 πατὴρ
860 3235 1004 3307 Ὀλυμπίων

384 3322 411 3375 ἐκ
429 3323 578 3394 μεσημβρίης
596 3320 668 3389 ἔθηκε
686 3324 750 3375 νύκτ’
770 3321 912 3393 ἀποκρύψας
931 3320 991 3392 φάος

387 3409 450 3479 ἡλίῳ
469 3408 591 3480 λάμποντι
604 3428 610 3441 ·
623 3409 714 3479 λυγρὸν
734 3409 756 3460 δ’
769 3404 827 3475 ἦλθ’
840 3408 878 3460 ἐπ’
891 3405 1034 3480 ἀνθρώπους
1053 3408 1114 3478 δέος,

132 3512 165 3552 ea
182 3511 237 3571 non
254 3497 354 3552 aoristo
372 3496 418 3564 qni
435 3503 547 3551 vocatur
564 3496 653 3566 typico
671 3496 750 3561 dicta,
769 3496 816 3550 sed
834 3495 933 3564 insigni
948 3494 1062 3564 quadam
1074 3495 1138 3550 solis
1151 3495 1300 3550 defectione

130 3588 204 3637 mota
230 3598 288 3637 esse
314 3581 379 3636 mihi
405 3582 536 3637 videntur.
574 3582 627 3637 Cfr.
648 3582 718 3637 Plut.
731 3582 780 3651 IV,
797 3586 814 3637 2
832 3582 872 3637 ed.
887 3581 984 3651 Wytt:
1006 3582 1040 3635 de
1057 3581 1115 3651 fac,
1134 3597 1178 3650 qu.
1190 3582 1219 3636 in
1236 3582 1301 3636 orbe

131 3668 213 3722 lunae
237 3683 297 3736 app.
309 3686 336 3738 p.
348 3670 405 3724 771.
443 3669 526 3736 Quam
553 3668 665 3723 obrem
687 3683 772 3736 ecqua
794 3669 958 3737 temporibus
981 3667 1135 3722 Archilochi
1156 3667 1238 3722 fuerit
1260 3667 1300 3722 in·

133 3755 217 3824 signis
234 3755 345 3808 totius
363 3753 432 3808 forte
449 3754 514 3809 solis
532 3754 654 3816 defectio,
672 3754 851 3822 undecunque
869 3754 999 3808 sciscitari
1017 3753 1115 3808 studui.
1142 3752 1195 3809 Sed
1213 3767 1300 3822 neque

131 3840 231 3895 Ideleri
256 3839 289 3895 de
314 3840 485 3910 chronologia
506 3840 575 3894 liber
593 3855 681 3910 neque
699 3839 792 3895 Zechii
810 3839 954 3908 quidquam
971 3839 1037 3893 mihi
1054 3838 1299 3909 suppeditaverunt.

133 3927 172 3982 Et
188 3926 349 3995 astrologiae
368 3926 494 3995 studiosi,
519 3942 585 3994 quos
608 3927 812 3995 interrogandos
838 3925 936 4006 curari,
963 3926 1062 3980 multae
1080 3924 1184 3980 demum
1202 3940 1300 3994 operae

133 4013 379 4082 computationibus
402 4013 453 4067 hoe
474 4013 589 4067 inveniri
610 4028 689 4081 posse
712 4018 940 4067 asseveraverunt.
981 4013 1019 4066 At
1039 4012 1067 4065 in
1085 4011 1198 4066 historia
1215 4015 1300 4065 astro

132 4100 220 4168 logiae
237 4100 271 4154 ab
289 4102 314 4154 J.
325 4099 358 4154 H.
372 4099 405 4154 de
417 4099 556 4154 Maedlero
578 4098 731 4169 conscripta
751 4099 780 4152 iu
802 4099 878 4154 voli
896 4117 921 4168 p.
936 4100 967 4154 14
990 4114 1023 4153 ex
1041 4097 1193 4152 Sinensium
1211 4096 1300 4152 obser·

132 4185 286 4240 rationibus
313 4185 412 4239 relatas
435 4185 526 4239 inveni
543 4186 572 4238 in
599 4185 792 4240 deiectionibus
822 4184 986 4239 aconfutio
1009 4184 1142 4251 quondam
1159 4182 1300 4237 memoriae

132 4270 247 4342 proditis
270 4271 337 4325 duas
360 4286 429 4340 quae
453 4271 624 4326 nominantur
644 4271 780 4340 „totales“‚
805 4286 917 4339 quarum
938 4270 1053 4339 priorem
1080 4285 1104 4325 a.
1117 4271 1142 4324 d.
1154 4268 1226 4325 XVI.
1240 4268 1300 4323 Kal.

132 4360 201 4426 Aug.
214 4373 238 4411 a.
251 4372 274 4410 a.
289 4356 351 4413 Chr.
363 4373 388 4410 n.
402 4358 451 4412 709
478 4357 646 4412 observatam
672 4356 701 4411 in
726 4357 823 4411 insulis
846 4371 952 4427 quoque
982 4356 1062 4411 Asiae
1084 4355 1194 4411 minoris
1217 4354 1300 4413 visam

132 4442 217 4498 fuisse
234 4458 392 4551 quamquam
410 4458 464 4496 non
483 4448 591 4512 certum,
610 4452 698 4496 tamen
718 4442 784 4499 satis
802 4449 843 4496 est
861 4438 996 4504 credibile.
