2864 5002
776 305 814 394 ll
852 389 894 395 .-
959 333 962 338 ·

302 480 474 584 Terpander⁸
489 507 565 565 enim
587 506 717 578 Lesbius,
740 508 788 583 qui
819 508 927 583 primae
956 507 1038 586 apud·
1052 506 1296 567 Lacedaemonios
1319 527 1379 567 mn·

140 600 142 606 ⁴
216 610 296 669 sicae
319 603 533 676 καταστάσεως
560 614 659 667 auctor
687 605 773 682 (Plut.
797 601 830 687 9)
859 609 1007 667 constituit
1033 607 1139 690 νόμους
1162 594 1379 688 κιθαρῳδικοὺς

218 708 301 780 (ΡΙοῐ.
326 715 342 770 3
367 717 394 770 et
417 707 458 785 4),
482 729 545 769 cum
569 710 604 770 ad
627 716 742 769 cautum
770 711 898 769 citharae
920 711 1038 787 antiqua
1064 709 1127 788 lyra
1153 709 1243 770 multo
1268 709 1377 787 perfec-

216 813 295 871 tioris
314 792 456 889 ‹Westph
479 813 507 872 h.
531 833 567 871 m.
592 831 618 888 p.
644 810 694 888 91)
718 812 866 888 adaptavit
887 812 1023 886 carmina,
1047 809 1097 869 καὶ
1119 808 1171 869 τὸν
1193 816 1247 880 τῆς
1275 806 1378 892 ὀρθίου

216 903 365 996 μελῳδίας
393 910 500 995 τρόπον
522 910 574 972 τὸν
596 910 676 972 κατὰ
704 910 775 982 τοὺς
797 908 910 995 ὀρθίους
933 909 1005 992 (scil.
1035 898 1143 984 πόδας)
1170 909 1242 995 πρός
1271 931 1307 972 τε
1335 917 1378 989 τῷ

216 1011 304 1096 ὀρθίῳ
327 1013 382 1073 ’καὶ
410 1012 462 1074 τὸν
485 1011 634 1098 σημαντὸν
660 1021 800 1098 τροχαῖον
831 1016 975 1074 invenisse
1008 1015 1111 1074 dicitur
1138 1033 1155 1075 a
1180 1000 1256 1075 Plut.
1279 1034 1303 1074 c.
1329 1015 1378 1073 28.

216 1118 275 1179 Gir.
303 1117 375 1176 Poll.
399 1123 434 1193 4,
469 1121 505 1177 65
529 1123 559 1176 et
580 1114 659 1176 Suid.
682 1115 711 1176 et
741 1116 863 1195 Hesych.
907 1115 1002 1195 Atque
1030 1117 1141 1176 orthius
1171 1134 1221 1194 pes
1250 1120 1315 1192 est,
1347 1121 1379 1175 nt

215 1218 303 1278 tradit
324 1220 374 1278 Ar.
392 1218 445 1294 Qu.
464 1239 491 1297 p.
509 1224 558 1294 37,
582 1216 654 1287 ποὺς
683 1203 896 1300 δωδεκασημος
925 1215 959 1275 ἐκ
980 1213 1169 1298 τετρασήμου
1192 1218 1306 1296 &poema
1329 1213 1378 1275 rat

216 1317 388 1400 baructpou
422 1316 545 1391 θέσεως,
575 1322 725 1380 trochaeus
752 1326 848 1378 autem
880 1300 1028 1380 semautus
1063 1319 1238 1391 contrarius,
1271 1319 1316 1378 ita
1348 1324 1379 1377 ut

217 1439 281 1479 vere
309 1421 354 1480 hic
376 1424 538 1482 inueniatur
559 1422 666 1500 duplex
689 1422 816 1500 rhythmi
837 1441 927 1497 genus
957 1429 1023 1481 ante
1045 1421 1277 1481 Archilochum·
1304 1421 1378 1481 Nam

119 1581 121 1586 ,
217 1521 383 1598 Terpander
399 1572 402 1579 .
417 1526 541 1602 itemque
570 1525 674 1586 Glonas
696 1542 852 1605 nemorum,
873 1523 1081 1583 auloedicorum
1109 1528 1208 1584 auctor
1234 1520 1323 1600 (Plut.
1348 1520 1377 1597 3)

218 1624 294 1684 haud
316 1627 356 1684 its
379 1626 467 1685 multo
489 1626 538 1685 illo
560 1628 653 1686 minor
681 1625 791 1701 (Glauci
815 1622 907 1708 ὀλίγῳ
930 1620 1050 1704 ὕστερον
1077 1624 1150 1684 Plut.
1175 1645 1199 1685 c.
1224 1627 1241 1683 b
1265 1623 1380 1685 facilius

216 1726 341 1786 creditur
369 1747 454 1806 quam
481 1729 551 1787 illud
574 1728 677 1804 πολλῷ
700 1727 809 1809 χρόνῳ,
839 1728 913 1805 quod
936 1746 970 1786 ex
992 1727 1048 1786 alio
1070 1727 1148 1786 lonte
1181 1726 1280 1786 hausit
1303 1726 1380 1785 idem

216 1829 290 1888 Plut.
315 1848 339 1888 c.
364 1827 395 1902 4)
423 1829 569 1908 aliquanto
597 1837 662 1890 ante
684 1829 887 1889 Archilochum
930 1830 1060 1888 floruisse
1089 1828 1271 1888 existimandi
1284 1833 1397 1910 ‚sunt

216 1930 276 1990 Ηοο
307 1949 341 1990 ex
368 1932 511 1991 veteribus
541 1932 673 1992 dixerunt
695 1921 819 1991 Glaucus
841 1950 886 2009 ap.
909 1931 982 1991 Plut.
1003 1927 1024 1990 4
1046 1938 1075 1990 et
1097 1935 1114 1989 5
1137 1937 1166 1991 et
1186 1929 1380 2016 Hieronymus

216 2051 261 2110 ap.
277 2031 346 2092 Ath.
362 2033 426 2093 XIV
449 2054 477 2111 p.
495 2038 553 2094 635
570 2028 607 2108 E,
630 2054 664 2094 ex
685 2034 889 2094 recentioribus
911 2032 943 2093 O.
959 2033 1006 2092 Fr.
1022 2033 1202 2094 Hermanuus
1219 2033 1292 2091 etin
1309 2032 1379 2092 hist.

114 2211 117 2217 .
215 2140 253 2194 m.
269 2155 297 2212 p.
312 2138 351 2195 64
367 2136 568 2213 Westphalius,
583 2138 633 2215 qui
648 2136 844 2213 Terpandrum
862 2137 936 2195 circa
951 2137 1070 2213 primam
1086 2135 1275 2212 olympiadem
1289 2134 1380 2195 fuisse

216 2237 370 2297 contendit.
416 2237 534 2299 Solitum
558 2239 593 2298 de
617 2238 774 2315 Terpandri
797 2243 892 2298 aetate
913 2239 1095 2310 sententiam,
1122 2256 1179 2315 qua
1201 2237 1379 2298 Garneorurn

218 2339 328 2415 primus
356 2342 520 2399 nominatur
542 2343 631 2400 victor
659 2360 682 2401 c.
702 2360 728 2399 a.
753 2343 824 2415 676,
847 2360 873 2398 ν.
897 2341 964 2399 Ath.
989 2340 1005 2399 l.
1027 2340 1064 2416 1,,
1091 2340 1244 2406 defendere
1267 2339 1380 2399 studuit

215 2441 246 2499 in
269 2442 383 2502 dissert.
405 2442 469 2502 Hal.
495 2445 573 2504 1869
598 2442 632 2504 Ο.
648 2443 786 2503 Loewius.
816 2443 960 2502 Potuisset
981 2443 1044 2502 aliis
1068 2443 1161 2504 causis
1183 2442 1379 2530 undecunque

217 2544 337 2620 prolatis
358 2564 419 2604 eam
436 2546 551 2616 addere,
574 2547 649 2624 quod
666 2546 736 2605 adeo
751 2544 939 2606 Aristoxenus
954 2546 1136 2624 antiquorum
1152 2544 1378 2620 technographo

216 2666 278 2704 rum
302 2649 384 2706 facile
406 2649 538 2725 princeps
562 2650 710 2715 testisest
731 2651 889 2709 sententiae
912 2649 1014 2709 Glauci
1036 2648 1184 2717 adversus.
1216 2647 1280 2706 Vid.
1304 2663 1379 2727 quae

215 2749 278 2826 ipse
301 2749 492 2828 Westphalius
514 2753 670 2829 disputavit
692 2752 729 2811 ad
750 2752 823 2812 Plut.
845 2752 909 2812 libr.
934 2772 962 2830 p.
986 2755 1035 2823 83,
1058 2752 1108 2811 ubi
1137 2753 1166 2810 in
1188 2750 1264 2810 Plut.
1275 2758 1313 2809 ὀ.
1337 2752 1377 2809 20

217 2871 315 2911 vocem
337 2850 447 2936 κιθάρα
468 2857 573 2915 rectius
596 2858 799 2933 interpretatur
819 2856 1046 2930 citharoedicam,
1070 2873 1154 2932 quam
1178 2873 1206 2930 p.
1231 2857 1270 2913 47
1294 2857 1380 2915 vertit

167 3028 173 3042 .
217 2955 429 3016 citharisticam.
480 2958 575 3016 Nihilo
608 2964 703 3017 tanmn
737 2959 825 3029 setius
859 2977 962 3018 causae
990 2978 1023 3018 ex
1055 2959 1126 3036 ipsis
1154 2958 1280 3016 musicae
1307 2959 1379 3019 artis

216 3060 466 3135 progressionibus
489 3062 626 3137 repetitae
647 3067 744 3120 tantae
766 3072 841 3136 sunt,
865 3069 897 3120 ut
911 3061 1026 3121 Loewlo
1050 3063 1183 3121 assentiri
1204 3080 1263 3120 non
1284 3064 1381 3138 possi-

216 3179 296 3222 mus:
331 3161 499 3242 Terpander
527 3170 554 3223 et
584 3163 687 3226 Glonas
722 3165 834 3241 priscae
862 3166 988 3224 musicae
1020 3164 1115 3239 legum
1145 3182 1230 3240 quam
1252 3167 1379 3226 maxime

217 3272 345 3324 amantes
378 3271 407 3325 et
438 3271 554 3325 tenaces
587 3269 712 3326 carmina
741 3267 922 3326 confecerunt
954 3268 1106 3326 admodum
1134 3266 1276 3343 simplicia
1305 3275 1333 3328 et
1361 3289 1380 3329 a

199 3366 354 3444 'dactylico
382 3388 487 3443 genere
516 3371 632 3428 minime
659 3369 760 3428 aliena.
805 3369 968 3446 Terpander
995 3372 1081 3430 heroa
1110 3371 1226 3430 Homeri
1248 3373 1380 3432 carmina

216 3476 249 3529 ut
270 3490 321 3529 sua
355 3468 503 3546 (exordial
526 3471 600 3531 Plut.
626 3467 656 3549 6)
684 3472 776 3531 modis
799 3473 908 3548 excepit
931 3470 1016 3547 (Plut.
1041 3472 1072 3546 3)
1095 3474 1130 3533 ad
1154 3470 1261 3550 Orphei
1284 3493 1380 3534 enem-

217 3573 294 3650 plum
319 3575 516 3633 accedentibus
544 3573 628 3649 (Plut.
654 3572 694 3649 5),
725 3574 830 3635 Glonas
859 3572 998 3658 ἐλεγείων
1021 3594 1053 3634 τε
1076 3573 1126 3634 καὶ
1149 3574 1229 3634 ἐπῶν
1250 3574 1379 3647 ποιητής

217 3677 324 3734 exstitit
352 3670 437 3754 (Plut.
462 3674 490 3750 3)
528 3676 645 3754 Olympi
671 3677 792 3735 sortasse
821 3695 920 3735 nomos
951 3679 1160 3754 quodammodo
1184 3674 1378 3760 aemulans*).

217 3780 311 3856 Atque
334 3780 419 3837 etiam
451 3781 529 3838 nomi
551 3780 699 3856 utriusque
722 3779 890 3857 dactylicum
920 3781 1085 3858 rhythmum
1114 3782 1280 3841 observasse
1303 3803 1379 3842 sem·

217 3901 267 3957 per
295 3881 434 3941 videntur.
480 3882 552 3940 Nam
580 3882 667 3958 iambi
694 3882 781 3940 orthii
810 3893 837 3941 et
866 3884 992 3942 trochaei
1015 3885 1138 3960 porrecti
1165 3883 1206 3942 nil
1231 3891 1299 3944 sunt
1320 3887 1379 3946 nisi

217 3985 374 4062 dactylicus
395 3984 535 4061 tripediae
557 3985 586 4042 iu
611 3984 702 4043 modis
725 3984 844 4045 fortasse
865 3981 1118 4046 instrumentorum
1141 4005 1302 4063 expressae,
1326 3989 1378 4048 sed

217 4138 417 4147 ...φ-..ᾑ-

302 4235 325 4296 *)
345 4235 464 4302 Uterque
480 4233 572 4286 horum
583 4235 687 4296 videtur
697 4237 874 4305 composuisse
884 4238 958 4304 νόμον
975 4234 1107 4301 ἐπικήδειον
1117 4236 1186 4288 Plut.
1198 4237 1213 4289 3
1224 4237 1286 4304 et73
1306 4237 1378 4292 adde

218 4320 288 4386 quod
306 4321 335 4370 τὰ
354 4321 469 4388 epoptas
486 4319 556 4373 Plut
576 4338 597 4374 c.
615 4323 632 4375 3
650 4322 757 4390 clonae,
776 4339 797 4377 c.
816 4325 849 4376 ‘28
867 4322 978 4391 Olympo
996 4322 1079 4391 primo
1097 4321 1258 4375 tribuuntur.
1294 4322 1376 4379 Prae·

217 4412 292 4460 terea
309 4406 356 4463 cfr.
375 4407 408 4459 de
426 4405 508 4475 elegis
525 4422 551 4475 p.
569 4407 592 4461 5.
