2864 5002
694 328 733 387 38
805 338 814 355 ·

131 531 174 591 ed.
198 529 234 590 Ill
256 550 283 607 p.
309 531 367 589 342
391 536 569 608 asynartetos
591 547 652 588 esse
677 533 848 606 putaverunt
870 548 918 589 eos
942 548 1057 604 versus,
1086 548 1204 607 quorum
1230 530 1296 589 oola

131 637 228 692 essent
250 628 450 714 o'rhhotdperpa
479 632 507 690 id
536 639 579 690 est
603 649 658 690 non
686 630 811 690 eiusdem
835 631 917 690 metri
944 625 1077 713 καθαροῦ
1100 630 1145 689 vel
1173 636 1294 710 ρπκτοῦ.

130 733 237 792 Verum
259 753 277 792 a
300 733 388 794 schol.
413 732 565 810 Hephaest.
591 752 617 810 p.
641 734 697 792 ‘201
725 733 895 810 asynartetis
917 733 1002 792 etiam
1028 751 1125 792 versus
1157 733 1295 792 adnume

129 841 244 910 rantur,
277 854 398 912 quorum
420 835 481 894 cola
503 839 571 893 sunt
593 835 720 894 eiusdem
744 833 840 906 metri,
875 833 952 894 velut
981 834 1144 909 elegiacum.
1190 836 1297 912 ltaque

133 937 194 1015 ipse
209 936 403 1015 Westphaiius
426 937 533 996 diutius
548 936 579 996 in
594 955 627 996 ea
641 955 672 995 re
696 941 824 995 versatus
840 936 1034 1015 adhibitisque
1049 937 1182 997 omnibus
1205 938 1297 1015 scrip-

130 1047 223 1100 torum
247 1047 274 1099 et
296 1039 514 1100 scholiastarum
544 1038 714 1098 testimoniis
736 1038 767 1095 in
788 1056 861 1096 novo
884 1037 957 1098 libro
984 1036 1023 1098 Hs
1051 1060 1079 1117 p.
1104 1044 1163 1100 498
1188 1060 1213 1098 s.
1236 1058 1297 1098 am-

130 1141 260 1219 plissimo
283 1147 509 1220 asynartetorum
531 1142 646 1200 nomine
668 1159 766 1200 omnes
783 1159 883 1199 versus
907 1142 1133 1218 comprehendit,
1156 1143 1207 1220 qni
1229 1160 1296 1201 eon·

130 1245 197 1305 fecti
225 1248 292 1304 sunt
321 1245 508 1305 continuitate
534 1248 588 1300 τοῦ
619 1230 833 1327 ρὐὓμιζορένω
856 1261 1025 1320 quocunque
1054 1244 1139 1304 modo
1167 1243 1296 1305 turbata.

135 1345 171 1406 Et
192 1352 276 1422 recte,
299 1347 354 1406 nisi
378 1347 453 1424 qnod
476 1344 561 1424 panio
584 1344 647 1423 plus
669 1364 702 1403 ex
718 1349 843 1403 veterum
866 1344 947 1404 libris
968 1346 1296 1419 retinendumcensuit.

132 1447 214 1524 Quod
227 1454 275 1530 'ut
301 1448 509 1524 demonstrem,
545 1453 634 1508 totam
664 1448 857 1525 quaestionem
887 1448 956 1506 satis
983 1447 1127 1508 difficilem
1155 1467 1227 1526 opus
1252 1457 1297 1508 est

131 1569 216 1628 quam
240 1551 405 1611 brevissime
427 1551 566 1628 explicare
588 1554 617 1610 et
637 1549 788 1609 illustrare.

216 1651 323 1713 mxv
345 1652 566 1730 Hephaestionis
588 1653 681 1730 capite
703 1672 730 1729 p.
755 1652 795 1711 54
818 1656 938 1712 metrum
963 1649 1095 1729 Sapphus
1118 1652 1153 1711 fr.
1182 1655 1220 1712 85
1230 1677 1244 1715 ι,

336 1743 426 1812 Ἔστι
448 1774 498 1837 por
519 1750 600 1812 καλὰ
621 1750 689 1823 πάϊς
711 1747 871 1837 χρυσέοισιν
894 1747 1063 1834 ἀνθέροισιν

129 1963 327 2035 asynartetum
349 1958 563 2019 nominatur'et
583 1959 613 2018 id
635 1953 791 2041 τροχαϊαὸν
813 1954 1105 2041 προααπαληαπικὸν,
1128 1979 1155 2036 p.
1171 1961 1209 2018 56
1235 1977 1297 2018 ver·

133 2079 181 2119 sus
203 2057 411 2120 Pherecratis'
403 2079 432 2118 εν
456 2068 493 2140 τῇ
515 2054 730 2143 Kopcovvotfr.
754 2062 787 2120 5.
1337 2053 1339 2057 ’

335 2148 501 2246 Ανδρεςπ
478 2160 621 2248 πρόςχετε
642 2157 694 2221 τὸν
717 2167 782 2221 νοῦν
806 2148 870 2230 ἐξεν
873 2140 972 2245 ρήρατ
973 2182 981 2219 ι
1001 2167 1092 2239 ααινῳ

133 2354 383 2433 discruciamur-du
412 2364 446 2426 ἐκ
472 2374 532 2426 τῶν
561 2366 798 2427 ἀντισπαστναῶν
826 2365 1056 2432 ααταληκπιαῶν
1084 2351 1240 2450 διμέπρων,
1266 2373 1295 2426 et

50 2460 57 2473 ’
132 2485 230 2527 versus
244 2467 433 2545 ¹Callimachi:

317 2566 451 2655 Δήμητρι
472 2577 512 2651 τῇ
534 2569 645 2650 πυλαίῃ
669 2578 708 2651 τῇ
730 2577 838 2630 τοῦτον
861 2571 915 2628 οὐκ
937 2562 1105 2653 Πελασγῶν

349 2703 449 2752 W*
488 2711 512 2715 “
551 2702 702 2754 “”i‘r
754 2703 829 2719 ““
880 2706 905 2713 “
945 2702 1019 2716 ⁹*
1058 2705 1083 2751 ’ν

135 2762 359 2840 δικατάληκτον
383 2771 417 2833 ἐκ
438 2781 498 2833 τῶν
515 2773 659 2860 ἰαρβιαῶν
682 2772 898 2860 ἑρθημιρπρῶν.
943 2774 1033 2835 Metra
1055 2782 1149 2834 autem
1167 2781 1299 2852 procata-

133 2875 204 2937 leeta
227 2881 255 2936 et
277 2876 444 2938 dicatalecta
473 2877 524 2951 (sic
545 2879 695 2953 legendum
725 2885 770 2939 est
791 2879 950 2944 secundum
975 2883 1129 2956 praecepta
1156 2897 1298 2953 gramma·

134 2981 209 3042 ticae
232 2979 266 3038 de
289 2979 428 3039 eiusmodi
451 2977 646 3057 compositis),
681 3000 854 3059 quamquam
878 3000 981 3041 nomen
1004 2966 1203 3065 δικαπαληξία
1226 2981 1297 3042 Mar.

136 3081 208 3141 vict.
231 3081 243 3141 Ι
266 3099 328 3158 pag.
355 3084 391 3142 62
425 3101 573 3161 perperam
607 3082 746 3160 explicat,
778 3090 806 3144 et
833 3083 996 3144 nominibus
1034 3089 1062 3143 et
1094 3083 1231 3161 exemplis
1265 3103 1300 3163 ea

133 3203 195 3243 esse
217 3184 352 3244 docemur
374 3192 473 3265 metra,
497 3185 600 3263 quibus
621 3186 723 3245 autin
745 3187 846 3247 mediis
869 3193 918 3247 aut
940 3189 969 3245 in
985 3187 1084 3246 mediis
1108 3192 1137 3246 et
1159 3188 1298 3247 extremis

138 3287 219 3365 pedis
244 3286 326 3346 deest
348 3286 496 3365 particula,
519 3288 558 3347 ita
581 3296 612 3346 ut
634 3289 704 3348 ordo
727 3290 828 3349 existat
851 3289 1042 3350 catalecticus.
1085 3287 1212 3348 Eandem
1236 3309 1298 3349 rem
1335 3342 1338 3351 .

137 3395 211 3449 tecte
241 3389 402 3450 invenimus
434 3390 622 3467 significatam
656 3391 734 3468 apud
766 3392 833 3451 Mar.
857 3392 929 3450 Vict.
952 3413 979 3469 p.
1006 3387 1114 3466 103*):
1150 3398 1299 3469 praeterea

134 3492 503 3570 permixtionescolorum,
531 3493 560 3553 id
590 3499 635 3553 est
662 3495 865 3570 membrorum,
888 3496 916 3554 in
946 3496 1044 3554 metris
1072 3494 1300 3574 quadripartitae

136 3600 211 3655 sunt.
255 3595 314 3654 Aut
335 3595 410 3654 enim
433 3602 523 3656 metra
585 3621 588 3627 ·

251 3691 302 3778 lv)
325 3717 359 3757 ex
380 3698 491 3758 duobus
513 3698 582 3758 colis
603 3700 777 3777 imperfectis
740 3700 993 3760 otonciliantur
1032 3713 1035 3719 ·

264 3799 303 3878 Ι)
325 3805 375 3860 aut
398 3800 456 3876 [ex]
443 3800 590 3875 ]duobus
612 3803 745 3880 perfectis

255 3901 373 3980 Il)aut
342 3923 429 3963 uex
451 3923 502 3983 per
504 3904 578 3964 eoo
601 3911 630 3964 et
651 3905 817 3982 imperfecto

237 4003 302 4082 (111)
325 4010 374 4065 aut
395 4012 461 4067 cont
462 4025 504 4083 ra,
527 4007 623 4067 idt
579 4013 623 4067 est
644 4027 677 4066 ex
699 4008 844 4085 imperfect
846 4026 862 4067 o
886 4012 914 4067 et
934 4007 1057 4085 perfecto

238 3697 250 3777 (

238 3799 250 3880 (

239 3910 248 3978 i

220 4257 252 4324 ²⁸¹).
271 4257 387 4311 Permire
405 4256 514 4324 accidit,
540 4261 570 4308 ut
587 4255 615 4309 in
632 4256 649 4311 l.
669 4258 747 4312 tertio
765 4257 834 4310 Mar.
853 4257 920 4310 Viot.
939 4259 967 4312 in
985 4259 1138 4312 universum
1156 4257 1300 4326 disputans

138 4343 171 4397 de
188 4342 277 4395 mixtis
295 4359 326 4396 ac
343 4349 435 4396 mutua
457 4341 603 4395 conexione
630 4342 736 4396 sociatis
763 4351 837 4396 metr⁴
860 4343 1001 4410 generibus
1024 4343 1136 4397 meliora
1158 4344 1300 4399 exhiberet

137 4445 216 4497 quam
234 4428 263 4481 in
281 4436 383 4497 quarto,
402 4428 448 4495 qui
464 4427 570 4497 proprie
588 4428 742 4484 inscribitur
758 4427 792 4482 de
809 4428 976 4496 asynartetis.
1050 4450 1053 4454 ⁴
