2864 5002
537 349 738 437 -ν,

53 550 83 605 et
105 545 136 605 in
156 546 191 605 fr.
217 544 274 606 137
299 548 335 607 de
357 547 489 609 molestia
511 547 705 627 pediculorum
734 549 779 620 lad
802 547 859 607 fab.
885 543 965 624 36?).
1009 548 1128 608 Praeter
1149 548 1219 609 haec

52 648 214 726 fragmenta
241 649 291 709 cfr.
321 669 394 728 quae
421 652 509 712 habet
536 650 676 712 Aristides
704 650 745 728 ll,
778 652 852 712 398:
887 643 1060 734 Ἀρχιλόχου
1087 645 1220 727 πίθηκοι,

53 770 126 831 quas
147 752 245 812 simias
267 753 496 830 probabilissime
518 755 657 832 Bergkius
687 754 723 814 ad
744 754 780 814 fr.
804 755 848 815 89,
868 753 1035 832 pyrrhiches
1059 752 1220 814 saltatrices

54 856 259 933 interpretatur
286 857 315 915 in
338 856 396 917 fab.
420 861 480 918 360
504 858 548 918 ed.
571 857 666 918 Halm.
689 860 874 918 memoratas.
917 857 1005 916 Plura
1033 856 1117 916 etiam
1140 857 1220 916 fabu-

53 955 148 1017 larum
176 959 296 1035 vestigia
323 958 468 1023 invenisse
498 961 553 1021 sibi
581 961 693 1021 videtur
715 960 748 1020 0.
773 958 915 1035 liederus,
950 959 999 1037 qui
1021 959 1114 1018 -in
1136 977 1221 1036 quae-

53 1061 196 1122 stionibus
223 1061 259 1121 de
286 1062 354 1123 hist.
387 1062 447 1124 fab.
474 1081 593 1140 graecae
620 1064 650 1122 in
679 1068 708 1123 4.
736 1061 793 1124 vol.
822 1062 915 1139 suppl.
944 1079 1011 1123 ann.
1043 1061 1114 1139 phil.
1137 1060 1220 1122 class.

53 1182 82 1241 p.
108 1167 274 1225 309-418
298 1166 442 1243 expressis
471 1170 499 1226 ct
521 1167 676 1245 separatim
692 1158 793 1226 'editis
810 1184 836 1225 a.
864 1167 941 1225 1862
966 1165 1116 1225 -etiam
1141 1163 1222 1225 fabu-

52 1265 117 1327 lam-
140 1269 243 1327 statuit
269 1268 304 1328 de
332 1269 463 1330 ennaceo
490 1274 526 1331 et.
547 1269 631 1347 vulpe
658 1266 722 1347 (cire
747 1268 783 1329 fr.
809 1271 868 1330 118
897 1287 960 1329 oum
997 1263 1047 1344 65)
1076 1274 1106 1328 et
1134 1267 1221 1328 aliam

54 1369 200 1448 quandam
222 1372 383 1448 suspicatur
410 1372 472 1432 esse'
494 1372 530 1432 de
556 1372 668 1433 cornice
691 1369 736 1449 (fr.
764 1367 843 1449 102).
889 1369 947 1432 Sed
967 1371 1064 1432 nescio
1085 1390 1124 1431 an
1146 1371 1222 1430 iusto

56 1471 119 1551 plus
142 1473 247 1533 viderit
268 1473 331 1533 ille:
365 1475 437 1535 mihi
459 1476 535 1535 enim
556 1476 627 1536 haec
640 1475 801 1551 fragmenta
823 1493 882 1535 non
903 1474 941 1535 ad
963 1473 1076 1535 fabulas
1093 1483 1223 1551 spectare

60 1575 201 1653 ridentur,
225 1577 276 1637 sed
298 1577 335 1637 ad
357 1579 586 1656 comparationes
613 1580 708 1655 potius
737 1583 767 1639 et
787 1577 991 1639 translationes
1013 1578 1163 1656 pertinere,
1185 1576 1222 1637 de

56 1679 163 1757 quibus
185 1680 260 1741 infra
282 1680 401 1742 dicetur.

140 1818 202 1878 lam
229 1837 296 1878 vero
323 1818 360 1878 ad
390 1818 586 1879 condicionem
618 1818 770 1896 redeamus
796 1817 958 1895 Neobules‚
993 1819 1074 1879 cuius
1103 1817 1223 1896 perfidia

55 1919 128 1980 adeo
152 1921 333 1997 perturbatur
357 1929 451 2000 poeta,
476 1927 506 1981 ut
528 1940 614 2000 quam
636 1926 702 1983 ante
725 1930 886 1994 amaverat,
910 1921 1029 1982 eandem
1051 1927 1117 1999 post
1131 1921 1224 1982 oderit

57 2027 87 2083 et
104 2024 363 2084 vehementissimis
378 2024 481 2084 obruat
495 2025 656 2085 maledictis
672 2031 702 2084 et
716 1999 860 2085 conviciis.
887 2024 1048 2085 Dolendum
1070 2030 1124 2099 est,
1147 2024 1224 2103 quod
1247 2061 1248 2066 κ

56 2131 167 2186 veteres
196 2144 252 2185 non
280 2133 340 2187 tam
361 2127 425 2204 ipsa
446 2127 610 2187 Archilochi
632 2129 720 2189 verba
748 2127 931 2188 tradiderunt
952 2146 1038 2206 quarn
1067 2128 1128 2186 eius
1150 2130 1224 2186 atro·

58 2226 174 2288 citatem
197 2235 429 2289 memoraverunt
461 2235 490 2289 et
518 2223 725 2290 iudicaverunt.
770 2231 905 2290 Attamen
940 2228 1053 2305 singula
1085 2227 1225 2289 eiusmodi

54 2312 218 2409 fragmenta
239 2337 351 2392 servata
373 2337 447 2392 sunt.
490 2332 636 2409 Allegoria
657 2332 706 2392 illa
729 2332 854 2409 quidem,
878 2351 936 2410 qua
958 2331 1061 2392 mulier
1083 2324 1224 2411 quaedam

56 2433 149 2494 altera
177 2453 264 2494 manu
292 2454 397 2512 aquam
419 2435 509 2494 altera
530 2436 623 2512 ignem
653 2440 767 2511 gestare
783 2435 898 2518 'dicitur
920 2433 967 2509 (fr.
993 2427 1062 2514 93),
1095 2454 1165 2494 num
1188 2434 1224 2494 ad

56 2536 210 2598 Neobulen
233 2539 384 2615 pertineat,
408 2557 460 2615 pro
483 2543 559 2597 certo
582 2538 639 2598 dici
660 2557 718 2598 non
741 2542 846 2615 potest.
873 2537 930 2598 Sed
952 2538 1016 2598 sine
1037 2537 1124 2598 dubio
1145 2534 1225 2597 illam

55 2644 191 2720 spectant
210 2641 298 2700 verba
324 2640 359 2700 fr.
382 2642 421 2702 98
444 2640 480 2700 de
501 2640 653 2701 manifesto
680 2641 755 2701 malo
778 2640 895 2700 domum
917 2639 1064 2714 ducendo,
1088 2640 1224 2716 quoniam

55 2742 208 2833 Aristoph.
241 2743 271 2801 in
292 2740 412 2821 Lysistr.
439 2745 497 2802 loa
530 2743 601 2803 haec
623 2744 742 2803 imitans
776 2744 812 2803 de
842 2743 951 2821 nuptiis
983 2741 1053 2802 dicit
1081 2742 1222 2801 malarum

54 2843 238 2905 feminarum.
282 2845 348 2905 Non
371 2845 464 2905 solum
486 2846 609 2923 speciem
643 2851 672 2906 et
693 2846 870 2906 iuventutem
899 2846 936 2906 ab
958 2863 993 2904 ea
1015 2844 1163 2905 abiudicat
1184 2844 1223 2919 (.

54 2947 93 3008 fr.
119 2946 207 3024 100),
241 2948 291 3008 sed
318 2948 405 3008 etiarn
433 2948 670 3008 existimationem
699 2950 760 3008 eius
790 2947 878 3008 laedit
907 2954 936 3008 et
956 2949 1058 3026 perdit
1102 2948 1176 3008 Nam
1198 2947 1224 3006 si

54 3050 245 3112 Dioscurides
272 3048 366 3126 (anth.
388 3071 432 3128 gr.
454 3049 508 3110 lac.
532 3051 544 3111 l
566 3071 593 3128 p.
618 3043 693 3131 250)
720 3050 908 3130 Lycambidas
938 3083 975 3093 -—
999 3055 1028 3111 et
1053 3055 1144 3112 totam
1171 3049 1224 3129 Ly·

55 3153 178 3214 cambae
204 3153 342 3214 familiam
376 3156 412 3214 ab
442 3153 614 3214 Archilocho
647 3153 807 3214 maledictis
834 3153 987 3214 laceratam
1015 3157 1080 3212 ess'e
1112 3157 1225 3230 praeter

55 3253 353 3334 Mar.Vict.p.137‚
377 3256 440 3317 Ter.
464 3255 554 3318 Maur.
579 3277 605 3316 v.
631 3259 723 3338 2456,
747 3257 818 3316 alios
841 3257 928 3316 tradit
951 3254 1042 3316 Valer.
1067 3256 1140 3316 Max.
1157 3255 1223 3331 V3‚

54 3359 100 3420 itu
123 3365 156 3419 ut
179 3359 279 3419 maiori
301 3359 386 3420 etiam
408 3358 555 3420 Neobules
578 3360 670 3419 sorori
693 3359 884 3423 obtrectatum
912 3377 974 3418 esse
1003 3362 1149 3436 appareat,
1172 3357 1223 3418 cir.

56 3459 134 3520 Plut.
158 3461 193 3521 de
220 3463 322 3522 curios.
346 3463 410 3523 Vlll
434 3465 472 3522 64
495 3467 523 3522 et
543 3460 611 3522 Eus.
633 3482 677 3540 pr.
701 3481 742 3522 ev.
768 3464 827 3521 229
852 3493 893 3502 —-
916 3453 998 3522 suzim
1019 3461 1156 3521 virtutem
1178 3459 1225 3519 de
1249 3525 1251 3529 ,

56 3564 210 3626 laudentes
231 3565 301 3625 facit
321 3565 366 3625 his
387 3561 499 3626 verbis:

264 3696 349 3762 Οὔτε
370 3681 582 3787 τιταρθενίην
604 3696 784 3786 ᾐσχύναμεν,
808 3696 876 3760 οὔτε
898 3703 1010 3771 τοκῆας

314 3798 399 3864 Οὔτε
421 3798 520 3890 Πάρον
542 3801 638 3873 νήσων
661 3798 827 3869 αἰπυτάτην
849 3804 944 3887 ἱερῶν,

55 3943 129 4009 adia
149 3943 271 4005 crimina
291 3944 328 4004 ab
351 3942 524 4004 Archilocho
546 3943 582 4004 iis
604 3942 716 4003 obiecta
736 3946 847 4020 oportet
869 3946 1005 4000 statuere.
1048 3937 1148 4017 ltaque
1168 3937 1225 3998 huc

55 4046 211 4111 nfarenda
232 4045 364 4106 videntur
384 4047 503 4106 nomina
523 4045 733 4122 impudicarum
754 4045 923 4104 feminarum
945 4060 1023 4101 num.
1044 4043 1115 4100 180:
1139 4035 1225 4124 λέγοι

10 4128 19 4169 ἶ·
56 4142 97 4211 ti
114 4155 253 4234 γυναῖκες
275 4153 304 4208 et
324 4167 403 4208 num.
429 4149 504 4209 185:
528 4145 663 4231 μυσάχνη
685 4146 802 4230 ἐργάτις
824 4133 918 4229 δῆμος
938 4149 1048 4227 παχεῖα
1070 4147 1099 4203 et
1120 4141 1225 4203 similia

56 4251 213 4315 enunciata
247 4250 324 4310 velut
355 4250 471 4310 sr..34:
504 4246 575 4332 πρὸς
602 4257 704 4332 τοῖχον
736 4245 914 4314 &alivarum
943 4244 972 4306 ἐν
1000 4241 1165 4320 παλινσκίῳ
1197 4248 1226 4303 et

10 4346 18 4369 ''
56 4355 92 4417 fr.
119 4355 195 4415 124:
217 4349 305 4412 πάντ’
330 4339 411 4434 ἄνδρ’
434 4347 682 4411 ἀποσκολύπτειν.
712 4351 796 4411 Addo
816 4351 852 4410 fr.
873 4353 940 4423 101,
963 4350 1086 4409 sirecte
1109 4346 1226 4407 Schnei-

56 4459 191 4521 moinus
216 4458 424 4534 interpretatus
452 4460 497 4552 est
517 4454 614 4514 virilia
638 4453 782 4513 membra:
816 4447 930 4522 πολλὰς
953 4437 987 4510 δὲ
1008 4444 1122 4534 τυφλὰς
1144 4445 1225 4533 ἔγχε’·
1298 4441 1303 4449 ’
