2864 5002
782 392 800 446 4

692 469 892 477 ——-—.

213 595 361 670 poetarum
385 611 431 652 ars
453 592 537 652 certis
558 587 664 651 linibus
686 591 898 669 circumscripta
922 596 994 666 erat,
1021 589 1125 668 quibus
1147 608 1193 649 res
1216 589 1375 667 antiquitus

217 696 340 756 traditae
362 694 517 774 populique
538 695 643 756 iudicio
666 696 802 773 probatae
824 694 1021 771 servabantur,
1044 693 1171 771 ipsorum
1194 696 1289 752 autern
1313 710 1375 769 per·

213 819 298 860 sonae
319 799 403 879 quasi
430 797 465 858 de
492 797 585 858 medio
610 797 791 859 tollebantur.
836 797 910 874 Quid
939 798 1017 877 quod
1045 802 1167 857 aetatem
1195 800 1224 855 et
1250 795 1374 873 patriam

212 908 376 981 poematum
398 903 445 962 vix
466 901 580 963 indiciis
602 901 723 978 singulis
749 902 827 964 ducti
849 908 955 963 temere
977 907 1005 963 et
1033 900 1151 962 fortuito
1173 900 1288 960 insertis
1311 917 1376 978 pos-

212 1023 311 1066 sumus
333 1005 491 1084 suspicari?
828 1064 831 1071 Α

296 1107 402 1168 Verum
423 1107 490 1168 illae
513 1107 704 1182 condiciones,
726 1107 831 1186 quibus
861 1107 944 1186 epica
965 1108 1089 1187 primum
1110 1107 1240 1168 carmina
1261 1110 1324 1165 orta
1348 1111 1377 1165 et

172 1220 176 1229 '
214 1211 326 1271 exculta
340 1215 422 1285 sunt,
444 1221 504 1270 non
525 1211 715 1288 sempiternae
737 1217 914 1273 manserunt.
926 1215 933 1230 '⁴
943 1211 1032 1271 Immo
1056 1211 1226 1289 procedente
1247 1215 1376 1288 tempore

213 1318 242 1373 et
263 1312 377 1391 pubhca
398 1318 427 1374 et
447 1315 560 1392 privata
582 1312 755 1376 Graecorum
779 1315 837 1374 vita
858 1315 1008 1375 immutata
1029 1319 1075 1374 est
1101 1320 1130 1374 et
1151 1317 1264 1383 novata.
1309 1312 1378 1398 lam

212 1415 287 1494 apud
311 1415 467 1477 Homerum
495 1417 520 1477 si
543 1416 690 1477 Thersitae
719 1414 932 1478 consideramus
961 1416 1080 1478 consilia
1107 1422 1137 1477 et
1159 1416 1246 1488 facta,
1280 1396 1376 1475 aucto:

212 1518 326 1580 ritatem
358 1538 459 1608 rogum
487 1519 623 1580 divinitus
655 1519 853 1581 institutorum
880 1522 1018 1581 sentimus
1052 1520 1212 1599 oppugnari
1240 1524 1268 1578 et
1299 1516 1376 1578 labe·

213 1621 323 1683 factori.
353 1622 391 1682 Et
412 1622 549 1699 proximis
572 1621 694 1683 saeculis
717 1623 822 1701 ubique
843 1624 902 1684 fere
923 1643 1018 1685 rerum
1040 1625 1124 1702 potiti
1147 1627 1214 1683 sunt
1236 1621 1376 1682 nobilium

211 1733 312 1804 gentes
335 1731 420 1805 atque
447 1728 532 1788 etiam
557 1725 657 1803 vulgus
680 1746 715 1787 ex
746 1727 848 1787 humili
869 1733 897 1788 et
930 1727 1058 1788 modesto
1089 1744 1295 1804 nonnunquam
1318 1726 1374 1785 vin·

212 1823 266 1888 der
288 1829 397 1889 exstitit
418 1847 535 1889 suarum
558 1830 702 1889 rationum
724 1836 752 1890 et
768 1830 956 1891 voluntatum.
990 1831 1049 1891 Nec
1071 1830 1174 1890 mirum
1196 1828 1227 1888 id
1249 1828 1374 1908 quidem.

212 1931 297 1992 Domi
319 1932 448 1992 enimin
476 1931 596 2008 singulis
619 1931 791 1993 Graecorum
816 1933 979 1993 civitatibus
1001 1932 1163 1993 laetissimo
1192 1933 1249 1992 otio
1278 1931 1378 1991 adiuta

213 2036 243 2094 in
266 2033 326 2095 dies
349 2035 440 2096 crevit
471 2018 619 2096 homiuum
653 2035 795 2096 industria
828 2042 857 2096 et
889 2035 1026 2096 sollertia.
1069 2035 1152 2096 Foris
1185 2040 1279 2094 autem
1302 2052 1377 2093 com-

211 2138 317 2199 mercio
341 2142 370 2198 et
389 2157 445 2198 usu
465 2139 542 2198 inter
565 2158 595 2199 se
610 2139 761 2199 coniuncta
783 2143 865 2198 erant
885 2140 982 2216 graeci
1004 2140 1127 2199 nominis
1148 2137 1244 2198 littora
1278 2143 1307 2196 et
1335 2137 1377 2195 iu·

214 2238 314 2316 sulae,
327 2240 455 2301 coloniae
485 2241 523 2301 ad
545 2243 683 2301 orientem
711 2242 795 2301 etad
820 2241 995 2301 occidentem
1018 2260 1117 2301 versus
1147 2240 1309 2319 frequenter
1330 2239 1372 2298 de·

213 2341 314 2402 ductae
344 2348 373 2402 et
394 2344 487 2420 patria
508 2343 643 2405 diuturna
665 2350 812 2423 tamquam
833 2345 981 2405 iuventute
1003 2351 1032 2405 et
1053 2345 1080 2404 vi
1098 2341 1215 2421 genitali
1236 2341 1375 2420 praedita,

214 2445 255 2504 ita
277 2450 309 2505 ut
330 2437 431 2522 ingens
453 2447 537 2524 copia
558 2466 616 2506 non
638 2448 722 2507 modo
745 2466 832 2525 opum
854 2453 882 2508 et
903 2447 1079 2522 divitiarum,
1103 2466 1200 2506 verum
1225 2447 1310 2506 etiam
1333 2463 1377 2504 ra-

123 2606 126 2611 ,
212 2547 322 2607 tionum
355 2554 384 2609 et
406 2549 635 2610 observationum
667 2549 794 2629 undique
827 2551 995 2627 conflueret,
1029 2569 1088 2628 qua
1117 2550 1250 2610 homines
1281 2548 1377 2625 graeci

212 2649 384 2711 iubebantur
405 2652 503 2712 omnia
524 2671 599 2712 nova
620 2657 749 2730 spectare
771 2657 800 2713 et
821 2654 926 2714 audere
948 2658 977 2713 et
1006 2652 1147 2731 persequi.
1192 2652 1235 2712 Ita
1257 2658 1300 2711 est
1320 2650 1377 2710 fac-

211 2756 281 2836 turn,
303 2759 335 2814 ut
356 2754 411 2812 viri
432 2753 553 2831 singuli,
588 2755 636 2833 qui
663 2755 736 2814 nihil
762 2754 856 2816 adhuc
882 2756 997 2815 buerant
1026 2756 1082 2815 nisi
1109 2750 1208 2832 ignota
1236 2752 1378 2832 particrda

209 2850 292 2915 rudis
325 2855 541 2935 indigestaeque
567 2856 666 2931 molis,
699 2858 744 2918 sui
769 2858 885 2918 iamiam
913 2859 970 2919 sibi
999 2861 1146 2918 sumerent
1173 2856 1377 2917 conscientiam

209 2957 346 3018 fiduciam
368 2959 614 3034 gubernationem.

263 3084 265 3088 ⁴
296 3058 376 3135 Quae
408 3080 473 3122 cum
494 3066 604 3122 mutata
626 3065 724 3124 essent
748 3057 786 3124 ¹et
807 3068 987 3124 mutarentur
1016 3063 1047 3124 in
1080 3064 1165 3124 rebus
1198 3060 1321 3140 publicis
1350 3067 1379 3122 et

209 3162 345 3240 privatis,
375 3163 438 3224 fieri
464 3184 522 3226 non
546 3165 638 3242 potuit
671 3166 740 3245 quin
770 3165 883 3226 litterae
904 3185 1018 3245 quoque
1047 3165 1296 3244 progressionibus
1319 3165 1378 3224 suis

209 3269 367 3353 uterentur.
411 3267 509 3328 Poesis
536 3268 629 3329 adhuc
651 3267 742 3344 culta,
777 3269 882 3347 quippe
910 3288 983 3348 quae
1016 3289 1061 3330 res
1089 3274 1202 3330 tantum
1233 3271 1379 3345 spectaret

211 3369 371 3447 antiquitus
395 3370 514 3431 traditas
537 3376 566 3431 et
589 3372 765 3432 extrinsecus
787 3373 891 3449 petitas
913 3389 1018 3449 easque
1040 3373 1204 3433 hexametro
1226 3372 1314 3431 heroo
1337 3371 1378 3429 in·
1408 3381 1412 3388 '

211 3469 337 3532 eluderet
367 3471 543 3533 sollemniter
569 3473 719 3535 incedente
744 3509 781 3518 -
806 3474 872 3534 talis
901 3475 998 3553 poesis
1029 3494 1093 3534 cum
1116 3473 1291 3552 temporibus
1319 3492 1378 3532 non

210 3574 345 3651 serviret,
368 3575 528 3654 derelinqui
550 3583 652 3655 coepta
674 3581 718 3636 est
732 3577 850 3655 eiusque
872 3576 936 3638 loco
959 3596 992 3637 ea
1014 3575 1145 3651 effloruit,
1169 3577 1215 3636 cui
1236 3572 1379 3653 quidquid

210 3665 478 3755 impraesentiarum
506 3679 611 3756 singuli
637 3680 769 3740 homines
791 3680 931 3740 videbant
961 3680 1126 3757 cogitabant
1147 3677 1324 3751 sentiebant,
1347 3677 1379 3735 in

210 3798 294 3868 usum
319 3782 550 3860 suppeditaretur
573 3790 601 3842 et
624 3787 845 3842 converteretur.
896 3781 991 3859 Atque
1012 3783 1067 3842 hoc
1090 3788 1121 3841 ut
1142 3783 1173 3840 in
1196 3780 1378 3841 consuetudi-

208 3901 274 3943 nem
298 3884 416 3961 veniret,
440 3890 553 3963 praeter
575 3891 684 3946 ceteros
705 3885 830 3945 intendit
852 3890 881 3945 et
903 3885 999 3944 effecit
1016 3884 1215 3960 Archilochus,
1241 3884 1290 3963 qui
1312 3883 1379 3943 Pari

210 3985 241 4045 in
263 3987 358 4047 insula
379 3988 477 4064 aegaei
499 3987 587 4047 maris
608 3992 694 4048 natus
716 3996 745 4048 et
767 3989 853 4048 circa·
867 3989 916 4048 20.
941 3987 1133 4065 olympiadem
1161 3988 1265 4048 florens
1289 3981 1379 4066 (recte

210 4084 265 4148 hoc
287 4089 389 4149 statuit
410 4087 500 4150 (ilem.
524 4088 604 4150 Alex.
623 4087 727 4150 Strom.
751 4090 806 4168 lp.
830 4089 904 4166 397)
934 4094 963 4148 et
984 4087 1046 4148 loco
1078 4095 1106 4150 et
1127 4095 1255 4169 tempore
1276 4089 1379 4149 mediis

107 4224 111 4233 ·
187 4186 239 4250 'in
261 4191 320 4251 illis
343 4173 550 4253 mutationibus
572 4192 726 4253 collocatus
748 4192 811 4252 luit.

293 4291 379 4354 (lerte
407 4296 464 4355 iam
493 4299 646 4356 antaeum
669 4294 801 4370 luerunt,
836 4295 885 4373 qui
914 4294 951 4354 ad
973 4293 1188 4355 inclinationem
1217 4304 1379 4374 temporum

208 4396 355 4457 studerent
378 4416 408 4456 se
430 4398 656 4458 accommodare.
701 4398 771 4457 Dico
793 4416 851 4457 non
876 4405 936 4455 tam
957 4396 1128 4472 Hesiodum,
1158 4396 1239 4456 cuius
1265 4397 1379 4475 „Opera

210 4505 239 4560 et
261 4499 347 4560 Dies“
374 4499 506 4560 videlicet
528 4502 677 4561 continent
698 4501 788 4577 patris
811 4498 935 4559 familias
957 4499 992 4559 de
1014 4499 1174 4560 cotidianae
1197 4502 1276 4560 vitae
1300 4504 1380 4562 curis
