2864 5002
605 302 806 390 „n-

212 500 272 562 VII.
415 502 500 578 Petti,
523 501 595 563 nihil
617 521 663 561 me
685 503 758 562 sicut
779 508 863 562 antea
884 501 964 560 iuvat

353 600 485 662 Scribere
507 604 662 664 versiculos
725 623 822 664 amore
843 620 1011 680 percussum
1033 602 1123 677 gravi.

130 706 172 765 Hx
196 705 265 783 ipsis
286 699 450 764 Archilochi
474 706 611 784 exemplis
633 712 764 784 superest
784 705 958 782 elegiambus
981 703 1067 763 infr.
1091 706 1143 764 85:

280 798 369 863 Ἀλλά
392 806 453 888 μ’ὁ
476 803 644 891 λυσιμελής,
705 799 728 866 ὦ
751 815 842 891 ταῒρε,
867 795 1015 891 δάμναται
1037 800 1136 874 πόθος.

128 909 216 969 Iidem
240 910 296 967 duo
319 909 442 984 ordines,
465 911 568 989 quibus
591 915 700 969 mutato
722 910 784 970 loco
806 927 909 968 nomen
932 914 974 968 est
995 907 1179 984 iambelegus,
1203 907 1293 991 hexa-

130 1016 219 1071 metro
242 1011 397 1070 succedunt
418 1012 448 1070 in
471 1011 538 1082 Hor.
563 1032 608 1089 ep.
631 1011 682 1072 13:

214 1112 287 1174 VIII.
321 1112 445 1173 Horrida
469 1120 619 1192 tempestas
642 1114 748 1174 caelum
772 1113 913 1200 contraxit
935 1120 962 1173 et
982 1112 1088 1172 imbres

282 1217 427 1294 Nivesque
450 1217 594 1276 deducunt
615 1217 723 1290 lovem3
784 1235 860 1274 nunc
880 1234 957 1274 mare
980 1234 1055 1274 nunc
1077 1213 1173 1274 siluae.

131 1319 222 1394 Quam
246 1319 392 1395 stropham
410 1317 528 1378 Caesius
543 1319 648 1379 Bassus
664 1338 692 1397 p.
709 1321 765 1378 271
792 1325 889 1396 aperte
912 1318 947 1378 ab
963 1316 1080 1376 Horatio
1103 1306 1172 1376 dicit
1193 1317 1292 1376 fictam

130 1420 294 1481 Archilochi
323 1420 480 1495 elegiambo
510 1422 537 1478 In
563 1423 736 1481 contrarium
763 1422 923 1480 immutato.
968 1421 1007 1478 At
1034 1420 1151 1480 Servius
1175 1440 1204 1497 p.
1230 1423 1291 1479 377

131 1521 220 1582 (laist.
244 1521 414 1582 Archilocho
443 1542 504 1581 eam
531 1525 649 1596 tribub,
681 1524 763 1583 cuins
784 1524 854 1583 fides
881 1542 913 1582 ea
940 1543 971 1581 re
999 1523 1191 1596 confirmatur,
1215 1522 1294 1600 quod

101 1619 106 1628 ’
130 1624 265 1684 Horatios
291 1626 380 1683 utitur
402 1626 500 1683 metris
525 1658 561 1667 -
586 1631 723 1703 quantum
748 1627 870 1685 sciamus
892 1660 932 1669 —
959 1643 1016 1683 non
1039 1625 1076 1684 ab
1103 1643 1134 1684 sc
1156 1624 1291 1700 inventis,

131 1727 181 1786 sed
204 1727 240 1786 ad
262 1745 349 1785 unum
372 1727 505 1786 omnibus
527 1727 641 1787 aliunde
663 1729 801 1804 repetItis.

214 1829 246 1888 ln
274 1835 395 1907 utraque
429 1831 482 1889 hac
511 1831 629 1907 stropha
650 1833 736 1889 tertia
762 1849 829 1908 pars
851 1831 1013 1908 rhythmum
1043 1830 1145 1907 repetit
1165 1830 1290 1906 primae:

131 1930 216 1991 aliam
249 1932 305 1990 tria
336 1930 465 1992 efficiunt
496 1938 586 1991 metra
617 1938 719 2009 tetrap.
742 1933 816 1992 dact
839 1950 881 1992 ac.
905 1938 934 1992 et
960 1933 1028 1992 dim.
1051 1933 1141 1992 troch.
1172 1933 1292 2011 brachy-

132 2037 186 2092 cat.
221 2025 450 2112 (ithyphallicos)
483 2039 512 2094 ot
538 2036 614 2093 trim.
637 2035 723 2094 iamb.
748 2039 820 2110 cat,
859 2035 980 2112 quoium
1014 2035 1068 2094 duo
1102 2054 1158 2095 non
1191 2035 1293 2094 eodem

132 2141 251 2193 utuntur
273 2133 418 2212 rhythmo,
440 2136 489 2195 sed
513 2137 597 2195 simili
621 2135 762 2196 clausula:
791 2142 880 2196 metro
903 2138 978 2196 enim
999 2130 1180 2215 phalaeci0*)
1197 2137 1293 2196 termi-

68 2246 71 2251 ’
133 2242 228 2310 nante,
257 2241 289 2295 ut
310 2237 351 2294 ait
376 2237 482 2298 Marius
504 2239 576 2298 Vict.
599 2258 626 2315 p.
656 2240 712 2296 118
740 2236 802 2310 (cfr.
826 2258 853 2315 p.
880 2233 960 2314 16'4),
989 2240 1124 2299 decenter
1151 2240 1228 2299 inter
1261 2257 1292 2298 se

132 2343 298 2398 consonant.
336 2337 388 2397 Cui
412 2340 530 2398 artificio
553 2340 646 2418 quuid
669 2339 850 2398 tribuendum
873 2342 919 2412 sit,
943 2341 1006 2401 vide
1028 2346 1057 2400 et
1079 2341 1291 2401 audifr.103:

216 2439 268 2499 IX.·
336 2433 424 2508 Τοῖος
446 2436 501 2524 γάρ
526 2441 685 2524 φιλότητος
707 2443 776 2520 ἔρως
799 2441 854 2499 ὑπὸ
894 2431 896 2435 ’
919 2429 1041 2526 καρδίην
1063 2439 1197 2514 ἐλυσθείς

484 2535 604 2608 Πολλὴν
627 2537 694 2601 κατ’
717 2540 809 2625 ἀχλὺν
832 2543 975 2628 ὀμμάτων
999 2548 1104 2627 ἔχευεν.

215 2644 359 2704 Decimam
390 2633 513 2721 denique
536 2647 681 2723 stropham
716 2680 744 2688 -
775 2665 840 2705 nam
868 2649 978 2707 incerta
1000 2647 1127 2724 exempla
1149 2647 1228 2706 velut
1250 2648 1292 2708 lo-

133 2746 302 2805 bacchorum
329 2746 449 2806 formam
478 2749 646 2808 conlecturis
673 2753 784 2807 tentare
810 2748 912 2808 inutile
941 2755 984 2810 est
1006 2783 1045 2790 —
1069 2769 1102 2809 ex
1132 2749 1235 2809 iambis
1265 2759 1295 2809 et

132 2847 275 2907 trochaeis
307 2849 461 2908 conlectam
492 2850 685 2910 Rossbachius
718 2849 768 2924 (Ill
789 2871 816 2928 p.
842 2851 915 2926 271)
949 2853 1048 2911 statuit
1079 2870 1142 2911 asse
1169 2859 1292 2912 metrum

132 2950 230 3027 hymni
252 2952 282 3010 in
297 2950 448 3010 Herculem
470 2953 621 3030 compositi
643 2952 677 3011 fr.
698 2955 765 3024 119,
788 2953 837 3013 ubi
852 2955 1008 3031 praemisso
1030 2954 1191 3014 hemiambo
1207 2974 1309 3015 versu·

131 3052 295 3113 intercalari
317 3055 526 3130 coniungantur
546 3061 648 3132 tetrap.
672 3055 761 3113 troch.
785 3063 838 3114 cat.
862 3061 891 3115 et
912 3057 988 3115 trim.
1012 3049 1098 3116 iamb.
1122 3075 1181 3117 ac:

334 3148 474 3222 Τήνελλα
496 3153 658 3232 καλλίνικε,

340 3251 427 3339 Χαῖρ’
451 3247 525 3328 ἄναξ
547 3251 706 3339 Ἡράκλεες

329 3353 422 3428 Αὐτός
443 3378 477 3418 τε
498 3343 624 3430 κίὁλαοξ
641 3356 773 3445 αἰχμηταὶ
797 3348 859 3420 loo.

134 3460 189 3522 Sed
212 3462 299 3522 verba
320 3462 493 3522 scholiorum
516 3463 552 3522 ad
567 3463 716 3541 Aristoph.
734 3465 787 3522 Αν.
808 3467 886 3524 1764
910 3469 939 3524 et
958 3466 1028 3527 Ach.
1055 3467 1145 3541 1230,
1168 3486 1293 3545 quorum

218 3712 243 3776 *l
270 3711 406 3765 Phalaecii
433 3710 536 3779 philicii
562 3711 731 3781 ithyphallici
757 3712 867 3780 phallici
884 3730 1007 3768 versuum
1033 3714 1140 3769 nomina
1162 3731 1178 3769 a
1200 3716 1293 3772 latinis

134 3797 250 3851 metricis
267 3803 328 3866 post
340 3796 462 3851 Caesium
475 3796 584 3851 Bassum
602 3804 675 3852 recte
692 3797 740 3851 illa
757 3797 951 3853 discernentem
971 3802 1004 3866 (ν.
1017 3799 1090 3865 ΚείΙ,
1104 3818 1129 3870 p.
1142 3802 1199 3863 266,
1218 3808 1292 3866 nom)

135 3899 274 3953 perperam
291 3881 497 3936 confunduntur.
532 3882 627 3959 Itaque
644 3883 714 3938 Mar.
734 3883 802 3939 Vict
821 3884 865 3938 hic
882 3885 922 3938 uti
940 3885 1093 3953 saepIssime
1110 3884 1230 3940 abutitur
1248 3905 1292 3942 no-

134 3970 205 4023 mine
222 3969 353 4038 phalaecii
372 3970 415 4034 (=
432 3984 455 4022 ν.
472 3967 689 4037 hendecasyllabi
706 3970 835 4038 logaoed.)
862 3985 911 4038 pro
929 3971 1108 4040 ithyphallico.
1143 3972 1293 4027 Phcllicum

136 4056 277 4125 corrigere,
304 4060 335 4107 ut
352 4054 446 4107 solitus
465 4058 506 4107 est
529 4054 707 4123 Gaisfordius‚
734 4060 854 4108 vetamur
876 4055 999 4109 ductibus
1022 4056 1151 4123 codicum,
1178 4059 1224 4125 qui
1242 4060 1293 4114 hoc

136 4155 239 4203 nomen,
258 4138 346 4206 siquid
363 4138 447 4206 video,
466 4154 520 4192 non
537 4139 637 4194 habent
655 4140 707 4192 nisi
724 4141 752 4194 in
769 4139 837 4193 Mar.
856 4138 925 4193 Vict.
943 4141 1002 4194 add.
1020 4159 1045 4211 p.
1065 4144 1120 4210 168,
1144 4146 1171 4195 et
1188 4144 1293 4198 ratione

135 4224 212 4279 metri
229 4224 321 4277 habita
338 4224 424 4277 tribus
442 4224 506 4278 locis
525 4224 585 4276 Ter.
603 4225 692 4278 Mauri
710 4228 743 4291 (ν.
763 4225 837 4278 abac.
855 4226 930 4279 2593.
948 4228 1034 4293 2942).
1065 4227 1197 4281 Victorini
1216 4243 1292 4282 error

136 4308 207 4361 unde
233 4307 395 4446 rgpetendus
420 4309 486 4363 mihi
510 4309 639 4378 rideatur,
665 4311 719 4366 alio
745 4311 858 4365 fumasse
880 4315 997 4378 tempore
1015 4317 1043 4366 et
1063 4312 1121 4366 loco
1147 4312 1293 4380 aliquando

137 4393 240 4460 explica
259 4408 282 4446 o.
