2864 5002
535 370 539 379 .
618 317 656 375 35

54 522 151 578 cetera
172 518 233 577 eius
250 519 366 578 inventa
390 526 628 580 enumeraverunt
642 521 800 598 diligenter,
823 519 894 578 nihil
916 520 1023 580 habent
1044 526 1073 580 et
1096 519 1216 580 scholio-

53 640 116 681 rum
141 621 258 680 istorum
274 621 437 680 testimonia
459 626 491 680 ut
512 641 564 698 per
585 642 616 683 se
639 628 706 684 sunt
720 622 799 681 33313
820 626 847 680 31
869 616 1027 701 obscurat
1050 623 1091 682 ita
1112 640 1129 681 a
1152 639 1217 701 pro·

56 722 202 783 habilitate
224 743 318 782 rerum
339 722 505 799 longissime
527 725 640 784 absunt.
667 726 741 785 Nam
764 742 939 802 quamquam
961 742 998 783 ex
1018 723 1215 784 Hebraeorum

55 826 134 902 poesi
168 825 289 903 exempli
321 823 413 902 gratia
440 827 560 903 proferri
592 831 690 905 potest
717 825 844 903 psalmus
881 829 938 885 136
969 831 1054 904 atque
1083 846 1118 886 ex
1145 826 1216 904 ipsis

53 929 165 1006 graecis
191 927 294 988 litteris
321 927 456 1008 Sapphus
477 927 512 991 fr.
536 931 592 1004 91,
625 931 655 992 in
684 947 739 1007 quo
767 928 949 1006 epithalamio
979 927 1122 989 molliculo
1150 934 1217 988 eta

54 1031 229 1092 mulierculis
251 1036 364 1091 cantato
380 1032 563 1110 ephymuium
586 1033 646 1091 sive
666 1033 761 1108 potius
785 1031 975 1109 mesymnium
991 1024 1096 1110 (Heph.
1116 1051 1143 1110 p.
1162 1025 1215 1110 ta)

55 1133 184 1210 singulos
211 1135 341 1211 sequitur
370 1134 540 1210 versiculos,
568 1139 665 1194 131333
694 1135 892 1194 auctoritatem
919 1133 1035 1193 Pindari
1063 1118 1092 1193 et
1120 1134 1218 1194 113313·

55 1237 164 1297 sthenis
191 1237 403 1315 quodammodo
432 1237 581 1296 confirmat
603 1236 808 1314 Aristophanes
835 1237 865 1296 in
887 1235 1011 1297 Acharn.
1035 1256 1060 1295 v.
1086 1236 1218 1296 resset

59 1344 139 1400 1330
162 1335 293 1406 33133113.
315 1358 451 1417 separans
475 1340 510 1398 ab
531 1338 581 1399 illa
602 1359 669 1399 voce
692 1336 867 1408 καλλίνικος.
912 1337 948 1398 Ε1
975 1339 1120 1417 ephymnii
1142 1337 1218 1397 istud

54 1437 224 1526 κομμάτιον
239 1441 411 1502 Archilocho
434 1443 540 1503 concisi
563 1443 701 1502 sermonis
723 1443 832 1502 auctori
847 1442 973 1501 tribuere
996 1460 1029 1501 eo
1052 1441 1147 1500 minus
1170 1459 1219 1499 au·

54 1548 122 1622 sim,
144 1546 220 1624 quod
244 1565 305 1604 meo
323 1545 436 1623 quidem
452 1545 556 1604 iudicio
579 1546 693 1604 omnino
715 1545 777 1604 fieri
792 1545 838 1603 vix
853 1545 955 1622 potuit,
980 1548 1012 1603 31
1033 1530 1217 1622 ephymnium

54 1653 123 1728 post
144 1646 271 1726 singulos
297 1647 341 1706 vel
356 1647 449 1707 binos
473 1666 569 1707 versus
598 1648 752 1725 repetitum
781 1646 880 1706 audire
902 1645 998 1706 viriles
1028 1646 1139 1706 animos
1161 1664 1219 1705 non

54 1752 196 1814 taederet.
494 1727 499 1739 ⁸

143 1854 313 1932 Priusquam
337 1852 449 1930 longius
474 1853 598 1931 procedo
621 1851 800 1912 Buchholtzii
822 1852 964 1911 sententia
986 1850 1168 1911 memoranda
1191 1854 1220 1910 et

39 1956 241 2034 ,reprobanda
274 1946 332 2030 est',
355 1957 404 2034 qui
429 1988 464 1998 —
493 1958 622 2034 ignorata
643 1955 689 2014 331
722 1954 851 2030 neglecta
885 1952 994 2033 Sybelii
1026 1953 1220 2032 disputatione

59 2091 95 2101 -
122 2040 147 2116 1.
174 2061 252 2118 rara
285 2058 601 2119 almasanum
627 2060 665 2117 rs
688 2077 715 2135 p.
741 2057 906 2117 333-333
936 2057 971 2116 ue
992 2056 1107 2136 hymnis
1130 2055 1221 2115 usse-

56 2178 125 2221 3333
155 2158 317 2219 Archilochi
346 2167 374 2220 et
396 2161 555 2238 Terpandri
582 2161 657 2220 hanc
686 2160 803 2218 eandem
834 2178 893 2218 rem
921 2158 1050 2236 pluribus
1077 2156 1219 2218 tractavit.

55 2263 88 2323 Is
104 2268 255 2341 postquam
279 2268 353 2322 reete
370 2263 520 2340 explicavit
541 2271 659 2342 propter
680 2263 708 2321 id
731 2263 835 2340 ipsum,
859 2261 937 2340 quod
959 2260 1007 2320 alii
1027 2261 1138 2320 iambos
1160 2265 1221 2318 tan·

55 2371 120 2426 tum
141 2365 292 2425 laudantes
315 2371 409 2425 cetera
431 2364 543 2424 silentio
565 2366 787 2442 praeteriissent,
811 2364 882 2424 alios
898 2363 1067 2425 Archilocho
1088 2362 1222 2422 tribuisse

55 2470 240 2529 inventorum
264 2487 403 2527 novorum
432 2469 565 2541 nimium,
599 2467 744 2527 Plutarchi
767 2467 853 2526 verba
882 2466 1062 2544 perlustrans
1085 2466 1220 2526 creticum

57 2572 96 2632 ab
120 2589 153 2630 eo
171 2571 392 2641 abiudicandum
407 2576 511 2661 ¹censet
533 2569 719 2648 similiterque
740 2570 934 2629 inventionem
957 2569 1127 2646 prosodiaci.
1164 2565 1222 2628 Sed

57 2692 119 2733 non
145 2673 364 2733 abiudicandum
395 2656 480 2732 huius
507 2691 605 2732 usum:
639 2672 727 2731 immo
756 2665 876 2732 metrum
905 2671 941 2731 ab
964 2670 1085 2751 Olympo
1115 2672 1222 2731 maiore

55 2777 205 2835 inventum
229 2773 432 2834 Archilochum
459 2774 625 2834 adhibuisse
651 2773 682 2832 in
709 2774 850 2850 fingendis
882 2775 1054 2852 hymnorum
1088 2773 1220 2848 exordiis,

57 2879 101 2938 ita
122 2883 214 2937 ut-
240 2876 314 2937 sicut
335 2877 407 2936 alias
428 2876 491 2937 fieri
515 2876 606 2937 soleat
622 2909 662 2920 -
677 2877 776 2955 hymni
799 2877 889 2936 nostri
912 2877 1056 2954 principes
1078 2876 1115 2936 ad
1138 2876 1220 2936 deum

59 2979 256 3040 advocandum
281 2978 402 3038 fuissent
423 2984 481 3038 tres
503 2978 562 3039 iere
577 2997 676 3056 versus
700 2997 734 3038 ex
755 2979 851 3057 quinis
874 2979 951 3038 sine
975 2978 1082 3039 dubio
1105 2978 1222 3058 syllabis
1293 3057 1295 3061 Ι

58 3082 206 3161 productis
233 3086 397 3142 constantes
404 3106 412 3156 ;
445 3081 498 3140 hos
526 3086 638 3141 secutos
667 3098 728 3140 esse
755 3081 939 3140 instrumenti
967 3100 1052 3141 sonos
1080 3087 1129 3141 331
1150 3081 1223 3141 vica·

58 3187 134 3246 rium
162 3180 400 3258 1113333133113.;
434 3183 501 3243 inde
524 3183 637 3243 demum
662 3181 832 3241 cantilenam
864 3183 943 3242 chori
966 3183 1103 3260 incepisse
1126 3183 1223 3242 vacuis

58 3286 238 3366 temporibus
261 3288 321 3346 sive
343 3287 459 3346 musicis
475 3287 554 3346 sonis
576 3285 754 3358 intercisam3
777 3285 912 3361 strophas
935 3285 1009 3343 enim
1032 3285 1108 3345 inter
1130 3303 1161 3344 se
1181 3303 1223 3344 re
1261 3282 1264 3291 '

59 3389 235 3470 spondentes
268 3409 302 3448 ex
322 3389 403 3468 -ipsis
436 3388 550 3454 demum
579 3387 744 3447 Archilochi
777 3386 876 3464 cpodis
908 3392 1012 3463 postea
1045 3367 1123 3446 ortos
1151 3405 1222 3447 esse.

149 3569 175 3637 *l
206 3569 275 3625 Mihi
299 3585 333 3623 ne
350 3569 391 3622 313
416 3569 645 3636 onomatopoetica
663 3567 766 3634 quidem
790 3566 862 3620 illius
881 3566 1004 3636 μιμήσεως
1028 3567 1093 3621 33113
1111 3571 1224 3622 constat.

59 3645 159 3713 Variis
170 3655 357 3723 Aristophanis
375 3655 404 3707 in
422 3655 524 3708 Avibus
542 3653 643 3708 3333113
669 3660 763 3707 333133
781 3653 917 3707 volucrum
941 3651 1128 3706 resonantibus
1145 3653 1223 3706 vehe-

59 3741 225 3796 mentissime
244 3741 368 3794 delector.
415 3740 568 3793 Ennianum
593 3738 661 3792 illud
680 3744 875 3803 „taratantara
902 3738 986 3805 (Serv.
1005 3736 1039 3791 ad
1057 3737 1137 3805 Verg.
1155 3739 1223 3792 Aen.

58 3828 108 3897 IX,
126 3827 187 3893 503)
215 3827 295 3881 tubae
322 3831 437 3879 sonitum
463 3825 562 3893 optime
583 3823 681 3878 imitari
699 3823 793 3877 sentio.
828 3822 926 3877 Vocem
945 3820 1050 3892 βλίτυρι,
1077 3822 1224 3892 33331133-

60 3914 112 3969 dae
145 3925 224 3966 33333
251 3911 366 3964 Graecos
394 3912 558 3978 expressisse
588 3910 772 3963 Volkmannus
798 3913 913 3962 testatur
938 3907 971 3960 ad
1000 3907 1070 3961 Plut.
1098 3907 1131 3960 de
1158 3921 1224 3961 mus.

59 4016 87 4069 p.
108 3999 166 4065 156,
184 4000 210 4048 et
227 4010 317 4050 vocem
338 3994 369 4064 pb
389 3999 433 4064 μῦ,
461 4011 514 4064 333
533 3995 614 4048 Arist.
634 3995 701 4062 Equ.
722 3995 754 4047 10
771 3992 949 4046 Athenienses
971 3991 1076 4046 inducit
1098 3991 1224 4051 ξυναυλίαν

61 4080 170 4152 Olympi
187 4095 259 4134 more
271 4080 449 4144 instituentes,
468 4080 604 4148 aptissime
621 4079 737 4133 concedo
756 4094 814 4133 esse
825 4079 956 4132 inventas.
980 4077 1118 4132 Tibiarum
1135 4082 1225 4131 autem

59 4169 104 4222 331
124 4166 216 4221 fidium
242 4173 349 4219 cantum
366 4166 494 4219 vocabulo
521 4165 572 4219 hoc
598 4164 703 4229 τήνελλα
730 4165 807 4231 33331
834 4164 933 4218 editum
952 4163 1065 4217 ‘auribus
1087 4163 1225 4231 percipere

61 4253 186 4321 equidem
203 4266 315 4318 nequeo.
352 4250 478 4305 Similiter
501 4267 554 4303 non
572 4249 712 4318 intellego,
739 4250 870 4316 quomodo
887 4249 1002 4302 vexilla
1024 4255 1086 4302 ante
1105 4248 1147 4302 vel
1164 4255 1225 4315 post

61 4337 223 4393 cantilenam
246 4336 419 4404 pronuntiata
437 4335 607 4390 instrumenti
625 4340 778 4387 succentum
801 4334 925 4386 simulare
947 4334 1040 4402 possit.
1074 4333 1226 4399 11333313-

62 4433 138 4476 certa
155 4421 219 4474 mihi
237 4427 299 4474 3331
317 4423 350 4474 31
362 4435 430 4488 3333
449 4421 481 4474 de
500 4421 601 4488 origine
618 4428 646 4474 et
663 4435 731 4487 quae
750 4421 782 4473 de
800 4434 852 4471 usu
870 4419 926 4472 eius
944 4418 1094 4472 traduntur.

991 4505 1023 4558 3*
